<?xml version='1.0' encoding='UTF-8'?>
<collection xmlns='http://www.loc.gov/MARC21/slim' xmlns:xsi='http://www.w3.org/2001/XMLSchema-instance' xsi:schemaLocation='http://www.loc.gov/MARC21/slim http://www.loc.gov/standards/marcxml/schema/MARC21slim.xsd'>
<record xmlns='http://www.loc.gov/MARC21/slim'><leader>01317cam a22003970  4500</leader><controlfield tag='005'>20180315122144.0</controlfield><controlfield tag='008'>851119s1985    mauc     b    00110 eng  </controlfield><controlfield tag='001'>991016599719703811</controlfield><datafield ind1=' ' ind2=' ' tag='010'><subfield code='a'>84025199//r85</subfield></datafield><datafield ind1=' ' ind2=' ' tag='020'><subfield code='a'>0805766057 (alk. paper)</subfield></datafield><datafield ind1=' ' ind2=' ' tag='035'><subfield code='a'>(PPT)b13381283-01tuli_inst</subfield></datafield><datafield ind1=' ' ind2=' ' tag='035'><subfield code='a'>ocn471308723</subfield><subfield code='9'>ExL</subfield></datafield><datafield ind1=' ' ind2=' ' tag='035'><subfield code='a'>PATG85-B30993</subfield></datafield><datafield ind1=' ' ind2=' ' tag='035'><subfield code='a'>ocm11398216</subfield></datafield><datafield ind1=' ' ind2=' ' tag='035'><subfield code='a'>(OCLC)ocm11398216</subfield></datafield><datafield ind1=' ' ind2=' ' tag='040'><subfield code='d'>CStRLIN</subfield></datafield><datafield ind1=' ' ind2=' ' tag='079'><subfield code='a'>ocm11398216</subfield></datafield><datafield ind1=' ' ind2=' ' tag='090'><subfield code='a'>PQ9697.L585Z66 1985</subfield></datafield><datafield ind1='1' ind2='0' tag='100'><subfield code='a'>Fitz, Earl E.</subfield></datafield><datafield ind1='1' ind2='0' tag='245'><subfield code='a'>Clarice Lispector /</subfield><subfield code='c'>by Earl E. Fitz.</subfield></datafield><datafield ind1=' ' ind2=' ' tag='260'><subfield code='a'>Boston :</subfield><subfield code='b'>Twayne Publishers,</subfield><subfield code='c'>c1985.</subfield></datafield><datafield ind1=' ' ind2=' ' tag='300'><subfield code='a'>160 p. :</subfield><subfield code='b'>port. ;</subfield><subfield code='c'>23 cm.</subfield></datafield><datafield ind1='1' ind2=' ' tag='490'><subfield code='a'>Twayne&apos;s world authors series ;</subfield><subfield code='v'>TWAS 755.</subfield><subfield code='a'>Latin American literature</subfield></datafield><datafield ind1=' ' ind2=' ' tag='500'><subfield code='a'>Includes index.</subfield></datafield><datafield ind1=' ' ind2=' ' tag='504'><subfield code='a'>Bibliography: p. 140-155.</subfield></datafield><datafield ind1='1' ind2='0' tag='600'><subfield code='a'>Lispector, Clarice</subfield><subfield code='x'>Criticism and interpretation.</subfield></datafield><datafield ind1=' ' ind2='0' tag='830'><subfield code='a'>Twayne&apos;s world authors series ;</subfield><subfield code='v'>TWAS 755.</subfield></datafield><datafield ind1=' ' ind2='0' tag='830'><subfield code='a'>Twayne&apos;s world authors series.</subfield><subfield code='p'>Latin American literature.</subfield></datafield><datafield ind1=' ' ind2=' ' tag='907'><subfield code='a'>.b13381283</subfield><subfield code='b'>p    </subfield><subfield code='c'>-</subfield></datafield><datafield ind1=' ' ind2=' ' tag='935'><subfield code='a'>00358683</subfield></datafield><datafield ind1=' ' ind2=' ' tag='945'><subfield code='l'>pstk </subfield><subfield code='g'>1</subfield></datafield><datafield ind1=' ' ind2=' ' tag='950'><subfield code='l'>P</subfield><subfield code='i'>02/17/86 C</subfield></datafield><datafield ind1=' ' ind2=' ' tag='955'><subfield code='l'>P</subfield><subfield code='q'>85-B30993-1</subfield><subfield code='i'>02/17/86 C</subfield></datafield><datafield ind1=' ' ind2=' ' tag='979'><subfield code='a'>ocm11398216</subfield></datafield><datafield ind1=' ' ind2=' ' tag='998'><subfield code='b'>1</subfield><subfield code='c'>990101</subfield><subfield code='d'>m</subfield><subfield code='e'>a</subfield><subfield code='f'>-</subfield><subfield code='g'>0</subfield></datafield><datafield ind1=' ' ind2=' ' tag='998'><subfield code='a'>02/17/86</subfield><subfield code='t'>b</subfield><subfield code='s'>9110</subfield><subfield code='n'>PPT</subfield><subfield code='w'>NJPG85B15535</subfield><subfield code='d'>11/19/85</subfield><subfield code='c'>MFK</subfield><subfield code='b'>MK</subfield><subfield code='i'>860217</subfield><subfield code='l'>PATG</subfield></datafield><datafield ind1=' ' ind2=' ' tag='ADM'><subfield code='b'>2018-03-15 16:21:45</subfield><subfield code='e'>b13381283-01tuli_inst</subfield><subfield code='d'>ILS</subfield><subfield code='a'>2017-06-20 08:23:38</subfield><subfield code='c'>false</subfield></datafield><datafield ind1='0' ind2=' ' tag='HLD'><subfield code='b'>MAIN</subfield><subfield code='c'>stacks</subfield><subfield code='h'>PQ9697.L585Z66 1985</subfield><subfield code='8'>22281393840003811</subfield></datafield><datafield ind1=' ' ind2=' ' tag='ITM'><subfield code='r'>22281393840003811</subfield><subfield code='b'>0</subfield><subfield code='u'>LOAN</subfield><subfield code='h'>0</subfield><subfield code='g'>stacks</subfield><subfield code='t'>BOOK</subfield><subfield code='9'>39074003816857</subfield><subfield code='e'>stacks</subfield><subfield code='8'>23281393830003811</subfield><subfield code='a'>0</subfield><subfield code='q'>2017-06-20 08:23:38</subfield><subfield code='i'>PQ9697.L585Z66 1985</subfield><subfield code='d'>MAIN</subfield><subfield code='f'>MAIN</subfield></datafield></record>