
<record xmlns='http://www.loc.gov/MARC21/slim'><leader>02599cam a2200421 a 4500</leader><controlfield tag='005'>20170825164304.0</controlfield><controlfield tag='008'>090910s2007    pau    f b    000 0dpor d</controlfield><controlfield tag='001'>991006240309703811</controlfield><datafield ind1=' ' ind2=' ' tag='020'><subfield code='a'>1930744293 (pbk.)</subfield></datafield><datafield ind1=' ' ind2=' ' tag='020'><subfield code='a'>9781930744295 (pbk.)</subfield></datafield><datafield ind1=' ' ind2=' ' tag='035'><subfield code='a'>(PPT)b44829656-01tuli_inst</subfield></datafield><datafield ind1=' ' ind2=' ' tag='035'><subfield code='a'>(OCoLC)ocn730422125</subfield><subfield code='9'>ExL</subfield></datafield><datafield ind1=' ' ind2=' ' tag='035'><subfield code='a'>(OCoLC)495316103</subfield></datafield><datafield ind1=' ' ind2=' ' tag='035'><subfield code='a'>ocn495316103</subfield></datafield><datafield ind1=' ' ind2=' ' tag='035'><subfield code='a'>(OCLC)ocn495316103</subfield></datafield><datafield ind1=' ' ind2=' ' tag='040'><subfield code='a'>ZWZ</subfield><subfield code='e'>ncafnor</subfield><subfield code='b'>fre</subfield><subfield code='c'>ZWZ</subfield><subfield code='d'>WEA</subfield></datafield><datafield ind1=' ' ind2=' ' tag='079'><subfield code='a'>ocn495316103</subfield></datafield><datafield ind1=' ' ind2=' ' tag='090'><subfield code='a'>PQ9697.L585</subfield><subfield code='b'>Z584 2007 </subfield></datafield><datafield ind1='0' ind2='0' tag='245'><subfield code='a'>Clarice Lispector :</subfield><subfield code='b'>novos aportes ̓cŕiticos /</subfield><subfield code='c'>Cristina Ferreira-Pinto Bailey, Regina Zilberman, organizadoras.</subfield></datafield><datafield ind1=' ' ind2=' ' tag='260'><subfield code='a'>Pittsburgh, PA :</subfield><subfield code='b'>Instituto Internacional de Literatura Iberoamericana, Universidad de Pittsburgh,</subfield><subfield code='c'>c2007.</subfield></datafield><datafield ind1=' ' ind2=' ' tag='300'><subfield code='a'>217 p.  ;</subfield><subfield code='c'>23 cm.</subfield></datafield><datafield ind1='1' ind2=' ' tag='490'><subfield code='a'>Serie Antonio Cornejo Polar ;</subfield><subfield code='v'>4</subfield></datafield><datafield ind1=' ' ind2=' ' tag='546'><subfield code='a'>In Portuguese.</subfield></datafield><datafield ind1=' ' ind2=' ' tag='504'><subfield code='a'>Includes bibliographical references (p. [201]-213).</subfield></datafield><datafield ind1='0' ind2='0' tag='505'><subfield code='t'>Clarice Lispector e a critica /</subfield><subfield code='r'>Cristina Ferreira-Pinto Bailey --</subfield><subfield code='t'>Um pequeno depoimento /</subfield><subfield code='r'>Moacyr Scliar --</subfield><subfield code='t'>Por trás da imagem: literatura, autobiografia e fortobiografia de Clarice Lispector /</subfield><subfield code='r'>Nádia Batella Gotlib --</subfield><subfield code='t'>Cuidado, escrita e volúpa em Clarice Lispector /</subfield><subfield code='r'>Lucia Helena --</subfield><subfield code='t'>Feminismo transcultural em Clarice Lispector: &quot;Dismeia&quot; ou o conflito entre auto-representação e autoconhecimento /</subfield><subfield code='r'>Nelson H. Vieira --</subfield><subfield code='t'>Clarice Lispector e o misticismo da matéria /</subfield><subfield code='r'>Renata R. Mautner Wasserman --</subfield><subfield code='t'>Lispector, cronista /</subfield><subfield code='r'>Debra A. Castillo --</subfield><subfield code='t'>Clarice, Recife e o Rio de Janeiro, fevereiro, março ... /</subfield><subfield code='r'>Maria Aparecida Ribeiro --</subfield><subfield code='t'>Cidadã do mundo: as viagens de Lispector /</subfield><subfield code='r'>Claire Williams --</subfield><subfield code='t'>Leitura e transgressão /</subfield><subfield code='r'>Regina Zilberman --</subfield><subfield code='t'>&quot;O mergulho na matéria da palavra&quot;: Clarice Lispector e suas precursoras brasileiras /</subfield><subfield code='r'>Maria José Somerlate Barbosa --</subfield><subfield code='t'>Fortunas geradas e herdadas: problemáticos ecos patriarcais em Clarice Lispector e Machado de Assis /</subfield><subfield code='r'>Paul B. Dixon.</subfield></datafield><datafield ind1='1' ind2='0' tag='600'><subfield code='a'>Lispector, Clarice</subfield><subfield code='x'>Criticism and interpretation.</subfield></datafield><datafield ind1=' ' ind2='0' tag='650'><subfield code='a'>Brazilian literature</subfield><subfield code='x'>Women authors</subfield><subfield code='y'>20th century</subfield><subfield code='x'>History and criticism.</subfield></datafield><datafield ind1=' ' ind2='0' tag='650'><subfield code='a'>Brazilian literature</subfield><subfield code='y'>20th century</subfield><subfield code='x'>History and criticism.</subfield></datafield><datafield ind1='1' ind2=' ' tag='700'><subfield code='a'>Pinto, Cristina Ferreira,</subfield><subfield code='d'>1960-</subfield></datafield><datafield ind1='1' ind2=' ' tag='700'><subfield code='a'>Zilberman, Regina,</subfield><subfield code='d'>1948-</subfield></datafield><datafield ind1='2' ind2=' ' tag='710'><subfield code='a'>International Institute of Ibero-American Literature.</subfield></datafield><datafield ind1=' ' ind2='0' tag='830'><subfield code='a'>Serie Antonio Cornejo Polar ;</subfield><subfield code='v'>4.</subfield></datafield><datafield ind1=' ' ind2=' ' tag='902'><subfield code='a'>161215</subfield></datafield><datafield ind1=' ' ind2=' ' tag='907'><subfield code='a'>.b44829656</subfield><subfield code='b'>p    </subfield><subfield code='c'>-</subfield></datafield><datafield ind1=' ' ind2=' ' tag='945'><subfield code='l'>pstk </subfield><subfield code='g'>1</subfield></datafield><datafield ind1=' ' ind2=' ' tag='979'><subfield code='a'>ocn495316103</subfield></datafield><datafield ind1=' ' ind2=' ' tag='998'><subfield code='b'>0</subfield><subfield code='c'>110523</subfield><subfield code='d'>m</subfield><subfield code='e'>a</subfield><subfield code='f'>-</subfield><subfield code='g'>0</subfield></datafield><datafield ind1=' ' ind2=' ' tag='998'><subfield code='a'>05/23/11</subfield><subfield code='s'>OCLC</subfield><subfield code='c'>DH</subfield></datafield><datafield ind1=' ' ind2=' ' tag='ADM'><subfield code='b'>2017-11-29 08:12:04</subfield><subfield code='e'>b44829656-01tuli_inst</subfield><subfield code='d'>ILS</subfield><subfield code='a'>2017-06-20 07:02:49</subfield><subfield code='c'>false</subfield></datafield><datafield ind1='0' ind2=' ' tag='HLD'><subfield code='b'>MAIN</subfield><subfield code='c'>stacks</subfield><subfield code='h'>PQ9697.L585</subfield><subfield code='i'>Z584 2007</subfield><subfield code='8'>22259772830003811</subfield></datafield><datafield ind1=' ' ind2=' ' tag='ITM'><subfield code='r'>22259772830003811</subfield><subfield code='b'>1</subfield><subfield code='h'>0</subfield><subfield code='g'>stacks</subfield><subfield code='t'>BOOK</subfield><subfield code='9'>39074027600782</subfield><subfield code='e'>stacks</subfield><subfield code='8'>23259772820003811</subfield><subfield code='a'>0</subfield><subfield code='q'>2017-06-20 07:02:49</subfield><subfield code='i'>PQ9697.L585 Z584 2007</subfield><subfield code='d'>MAIN</subfield><subfield code='f'>MAIN</subfield></datafield></record>