
<record xmlns='http://www.loc.gov/MARC21/slim'><leader>01445nam a2200433 a 4500</leader><controlfield tag='005'>20170825182905.0</controlfield><controlfield tag='008'>910927s1990    mnu      b   s00110 eng  </controlfield><controlfield tag='001'>991028149959703811</controlfield><datafield ind1=' ' ind2=' ' tag='010'><subfield code='a'>89020512</subfield></datafield><datafield ind1=' ' ind2=' ' tag='020'><subfield code='a'>0816618291 (pbk.)</subfield></datafield><datafield ind1=' ' ind2=' ' tag='020'><subfield code='a'>0816618283</subfield></datafield><datafield ind1=' ' ind2=' ' tag='035'><subfield code='a'>(PPT)b15802371-01tuli_inst</subfield></datafield><datafield ind1=' ' ind2=' ' tag='035'><subfield code='a'>ocn476713567</subfield><subfield code='9'>ExL</subfield></datafield><datafield ind1=' ' ind2=' ' tag='035'><subfield code='a'>PATG91-B18241</subfield></datafield><datafield ind1=' ' ind2=' ' tag='035'><subfield code='a'>ocm20670295</subfield></datafield><datafield ind1=' ' ind2=' ' tag='035'><subfield code='a'>(OCLC)ocm20670295</subfield></datafield><datafield ind1=' ' ind2=' ' tag='040'><subfield code='a'>DLC</subfield><subfield code='c'>DLC</subfield><subfield code='d'>DLC</subfield><subfield code='d'>OCoLC</subfield><subfield code='d'>PPT</subfield></datafield><datafield ind1='1' ind2=' ' tag='041'><subfield code='a'>eng</subfield><subfield code='h'>fre</subfield></datafield><datafield ind1=' ' ind2=' ' tag='079'><subfield code='a'>ocm20670295</subfield></datafield><datafield ind1=' ' ind2=' ' tag='090'><subfield code='a'>PQ9697.L585Z58 1990</subfield></datafield><datafield ind1='1' ind2=' ' tag='100'><subfield code='a'>Cixous, Hélène,</subfield><subfield code='d'>1937-</subfield></datafield><datafield ind1='1' ind2='0' tag='245'><subfield code='a'>Reading with Clarice Lispector /</subfield><subfield code='c'>Hélène Cixous ; edited, translated, and introduced by Verena Andermatt Conley.</subfield></datafield><datafield ind1=' ' ind2=' ' tag='260'><subfield code='a'>Minneapolis :</subfield><subfield code='b'>University of Minnesota Press,</subfield><subfield code='c'>c1990.</subfield></datafield><datafield ind1=' ' ind2=' ' tag='300'><subfield code='a'>xviii, 169 p. ;</subfield><subfield code='c'>24 cm.</subfield></datafield><datafield ind1=' ' ind2='0' tag='440'><subfield code='a'>Theory and history of literature ;</subfield><subfield code='v'>v. 73</subfield></datafield><datafield ind1=' ' ind2=' ' tag='504'><subfield code='a'>Includes bibliographical references and index.</subfield></datafield><datafield ind1='1' ind2='0' tag='600'><subfield code='a'>Lispector, Clarice</subfield><subfield code='x'>Criticism and interpretation.</subfield></datafield><datafield ind1='1' ind2='0' tag='700'><subfield code='a'>Lispector, Clarice.</subfield></datafield><datafield ind1='1' ind2='0' tag='700'><subfield code='a'>Conley, Verena Andermatt,</subfield><subfield code='d'>1943-</subfield></datafield><datafield ind1=' ' ind2=' ' tag='902'><subfield code='a'>161221</subfield></datafield><datafield ind1=' ' ind2=' ' tag='907'><subfield code='a'>.b15802371</subfield><subfield code='b'>p    </subfield><subfield code='c'>-</subfield></datafield><datafield ind1=' ' ind2=' ' tag='935'><subfield code='a'>00635751</subfield></datafield><datafield ind1=' ' ind2=' ' tag='945'><subfield code='l'>pstk </subfield><subfield code='g'>1</subfield></datafield><datafield ind1=' ' ind2=' ' tag='945'><subfield code='l'>pstk </subfield><subfield code='g'>1</subfield></datafield><datafield ind1=' ' ind2=' ' tag='950'><subfield code='l'>P</subfield><subfield code='i'>09/27/91 N</subfield></datafield><datafield ind1=' ' ind2=' ' tag='955'><subfield code='l'>P</subfield><subfield code='c'>0</subfield><subfield code='r'>39074007982002</subfield><subfield code='i'>09/27/91 C</subfield></datafield><datafield ind1=' ' ind2=' ' tag='979'><subfield code='a'>ocm20670295</subfield></datafield><datafield ind1=' ' ind2=' ' tag='998'><subfield code='b'>1</subfield><subfield code='c'>990101</subfield><subfield code='d'>m</subfield><subfield code='e'>a</subfield><subfield code='f'>-</subfield><subfield code='g'>0</subfield></datafield><datafield ind1=' ' ind2=' ' tag='998'><subfield code='a'>09/27/91</subfield><subfield code='t'>c</subfield><subfield code='s'>9110</subfield><subfield code='n'>PPT</subfield><subfield code='w'>DCLC8920512B</subfield><subfield code='d'>09/27/91</subfield><subfield code='c'>ADS</subfield><subfield code='b'>AS</subfield><subfield code='i'>910927</subfield><subfield code='l'>PATG</subfield></datafield><datafield ind1='0' ind2=' ' tag='HLD'><subfield code='b'>MAIN</subfield><subfield code='c'>stacks</subfield><subfield code='h'>PQ9697.L585Z58 1990</subfield><subfield code='8'>22292511540003811</subfield></datafield><datafield ind1=' ' ind2=' ' tag='ITM'><subfield code='b'>0</subfield><subfield code='h'>0</subfield><subfield code='g'>stacks</subfield><subfield code='9'>39074007982002</subfield><subfield code='e'>stacks</subfield><subfield code='8'>23292511520003811</subfield><subfield code='a'>0</subfield><subfield code='q'>2017-06-20 09:16:39</subfield><subfield code='i'>PQ9697.L585Z58 1990</subfield><subfield code='d'>MAIN</subfield><subfield code='r'>2017-06-30 13:20:07</subfield><subfield code='f'>MAIN</subfield></datafield><datafield ind1=' ' ind2=' ' tag='ITM'><subfield code='b'>1</subfield><subfield code='h'>0</subfield><subfield code='g'>stacks</subfield><subfield code='9'>39074015216468</subfield><subfield code='e'>stacks</subfield><subfield code='8'>23292511530003811</subfield><subfield code='a'>0</subfield><subfield code='q'>2017-06-20 09:16:39</subfield><subfield code='i'>PQ9697.L585Z58 1990</subfield><subfield code='d'>MAIN</subfield><subfield code='r'>2018-05-13 17:00:59</subfield><subfield code='f'>MAIN</subfield></datafield></record>