
<record xmlns='http://www.loc.gov/MARC21/slim'><leader>01147nam a22003490  4500</leader><controlfield tag='005'>20180315193433.0</controlfield><controlfield tag='008'>880302s1987    bl       b    00010 por  </controlfield><controlfield tag='001'>991024249609703811</controlfield><datafield ind1=' ' ind2=' ' tag='020'><subfield code='a'>8525200204</subfield></datafield><datafield ind1=' ' ind2=' ' tag='035'><subfield code='a'>(PPT)b15024039-01tuli_inst</subfield></datafield><datafield ind1=' ' ind2=' ' tag='035'><subfield code='a'>ocn471592375</subfield><subfield code='9'>ExL</subfield></datafield><datafield ind1=' ' ind2=' ' tag='035'><subfield code='a'>PATG88-B03529</subfield></datafield><datafield ind1=' ' ind2=' ' tag='035'><subfield code='a'>ocm17815217</subfield></datafield><datafield ind1=' ' ind2=' ' tag='035'><subfield code='a'>(OCLC)ocm17815217</subfield></datafield><datafield ind1=' ' ind2=' ' tag='040'><subfield code='a'>PPT</subfield><subfield code='c'>PPT</subfield></datafield><datafield ind1=' ' ind2=' ' tag='079'><subfield code='a'>ocm17815217</subfield></datafield><datafield ind1=' ' ind2=' ' tag='090'><subfield code='a'>PQ9697.L585Z776x 1987</subfield></datafield><datafield ind1='1' ind2='0' tag='100'><subfield code='a'>Novello, Nicolino,</subfield><subfield code='d'>1936-</subfield></datafield><datafield ind1='1' ind2='2' tag='245'><subfield code='a'>O ato criador de Clarice Lispector /</subfield><subfield code='c'>Nicolino Novello.</subfield></datafield><datafield ind1=' ' ind2=' ' tag='260'><subfield code='a'>Rio de Janeiro-RJ :</subfield><subfield code='b'>Presença,</subfield><subfield code='c'>1987.</subfield></datafield><datafield ind1=' ' ind2=' ' tag='300'><subfield code='a'>142 p. ;</subfield><subfield code='c'>21 cm.</subfield></datafield><datafield ind1=' ' ind2=' ' tag='500'><subfield code='a'>&quot;Com o Apoio tećnico e financeiro do Minc/Pró-Memória, Instituto Nacional do Livro.&quot;</subfield></datafield><datafield ind1=' ' ind2=' ' tag='504'><subfield code='a'>Bibliography: p. 138-142.</subfield></datafield><datafield ind1='1' ind2='0' tag='600'><subfield code='a'>Lispector, Clarice</subfield><subfield code='x'>Criticism and interpretation.</subfield></datafield><datafield ind1=' ' ind2=' ' tag='907'><subfield code='a'>.b15024039</subfield><subfield code='b'>p    </subfield><subfield code='c'>-</subfield></datafield><datafield ind1=' ' ind2=' ' tag='935'><subfield code='a'>00542445</subfield></datafield><datafield ind1=' ' ind2=' ' tag='945'><subfield code='l'>pstk </subfield><subfield code='g'>1</subfield></datafield><datafield ind1=' ' ind2=' ' tag='950'><subfield code='l'>P</subfield><subfield code='i'>11/28/88 N</subfield></datafield><datafield ind1=' ' ind2=' ' tag='955'><subfield code='l'>P</subfield><subfield code='c'>0</subfield><subfield code='i'>11/28/88 C</subfield></datafield><datafield ind1=' ' ind2=' ' tag='979'><subfield code='a'>ocm17815217</subfield></datafield><datafield ind1=' ' ind2=' ' tag='998'><subfield code='b'>1</subfield><subfield code='c'>990101</subfield><subfield code='d'>m</subfield><subfield code='e'>a</subfield><subfield code='f'>-</subfield><subfield code='g'>2</subfield></datafield><datafield ind1=' ' ind2=' ' tag='998'><subfield code='a'>11/28/88</subfield><subfield code='t'>b</subfield><subfield code='s'>9118</subfield><subfield code='n'>PPT</subfield><subfield code='w'>NYCX88B10830</subfield><subfield code='d'>03/02/88</subfield><subfield code='c'>JU</subfield><subfield code='b'>JU</subfield><subfield code='i'>881128</subfield><subfield code='l'>PATG</subfield></datafield><datafield ind1=' ' ind2=' ' tag='ADM'><subfield code='b'>2018-03-15 23:34:33</subfield><subfield code='e'>b15024039-01tuli_inst</subfield><subfield code='d'>ILS</subfield><subfield code='a'>2017-06-20 11:05:11</subfield><subfield code='c'>false</subfield></datafield><datafield ind1='0' ind2=' ' tag='HLD'><subfield code='b'>MAIN</subfield><subfield code='c'>stacks</subfield><subfield code='h'>PQ9697.L585Z776x 1987</subfield><subfield code='8'>22308869670003811</subfield></datafield><datafield ind1=' ' ind2=' ' tag='ITM'><subfield code='r'>22308869670003811</subfield><subfield code='b'>1</subfield><subfield code='h'>0</subfield><subfield code='g'>stacks</subfield><subfield code='t'>BOOK</subfield><subfield code='9'>39074006352553</subfield><subfield code='e'>stacks</subfield><subfield code='8'>23308869660003811</subfield><subfield code='a'>0</subfield><subfield code='q'>2017-06-20 11:05:11</subfield><subfield code='i'>PQ9697.L585Z776x 1987</subfield><subfield code='d'>MAIN</subfield><subfield code='f'>MAIN</subfield></datafield></record>