
<record xmlns='http://www.loc.gov/MARC21/slim'><leader>01085nam  2200277   4500</leader><controlfield tag='001'>991036806003303811</controlfield><controlfield tag='005'>20170822125659.0</controlfield><controlfield tag='006'>m     o  d |      </controlfield><controlfield tag='007'>cr cn|||||||||</controlfield><controlfield tag='008'>201210r1997    sp |||||o|||||||||||spa d</controlfield><datafield ind1=' ' ind2=' ' tag='020'><subfield code='a'>1-4492-4059-3</subfield></datafield><datafield ind1=' ' ind2=' ' tag='035'><subfield code='a'>(CKB)1000000000372653</subfield></datafield><datafield ind1=' ' ind2=' ' tag='035'><subfield code='a'>(OCoLC)847342765</subfield></datafield><datafield ind1=' ' ind2=' ' tag='035'><subfield code='a'>(CaPaEBR)ebrary10121298</subfield></datafield><datafield ind1=' ' ind2=' ' tag='035'><subfield code='a'>(SSID)ssj0001021669</subfield></datafield><datafield ind1=' ' ind2=' ' tag='035'><subfield code='a'>(PQKBManifestationID)11650728</subfield></datafield><datafield ind1=' ' ind2=' ' tag='035'><subfield code='a'>(PQKBTitleCode)TC0001021669</subfield></datafield><datafield ind1=' ' ind2=' ' tag='035'><subfield code='a'>(PQKBWorkID)10994134</subfield></datafield><datafield ind1=' ' ind2=' ' tag='035'><subfield code='a'>(PQKB)11198968</subfield></datafield><datafield ind1=' ' ind2=' ' tag='035'><subfield code='a'>(MiAaPQ)EBC3168744</subfield></datafield><datafield ind1=' ' ind2=' ' tag='035'><subfield code='a'>(EXLCZ)991000000000372653</subfield></datafield><datafield ind1=' ' ind2=' ' tag='040'><subfield code='a'>MiAaPQ</subfield><subfield code='c'>MiAaPQ</subfield><subfield code='d'>MiAaPQ</subfield></datafield><datafield ind1=' ' ind2=' ' tag='041'><subfield code='a'>spa</subfield></datafield><datafield ind1=' ' ind2='4' tag='050'><subfield code='a'>P49</subfield><subfield code='b'>M453 1997</subfield></datafield><datafield ind1=' ' ind2=' ' tag='080'><subfield code='a'>821.134.3(81)</subfield></datafield><datafield ind1='1' ind2=' ' tag='100'><subfield code='a'>Maura Barandiarán, Antonio.</subfield></datafield><datafield ind1='1' ind2='3' tag='245'><subfield code='a'>El discurso narrativo de Clarice Lispector</subfield><subfield code='h'>[recurso electronico] /</subfield><subfield code='c'>Antonio Maura Barandiarán ; director, Eugenia Popeanga Chelaru.</subfield></datafield><datafield ind1=' ' ind2=' ' tag='260'><subfield code='a'>Madrid :</subfield><subfield code='b'>Universidad Complutense de Madrid,</subfield><subfield code='c'>[1997]</subfield></datafield><datafield ind1=' ' ind2=' ' tag='260'><subfield code='a'>Madrid :</subfield><subfield code='b'>Universidad Complutense de Madrid,</subfield><subfield code='c'>[1997]</subfield></datafield><datafield ind1=' ' ind2=' ' tag='300'><subfield code='a'>1 online resource (598 p.) </subfield></datafield><datafield ind1=' ' ind2=' ' tag='336'><subfield code='a'>text</subfield><subfield code='b'>txt</subfield></datafield><datafield ind1=' ' ind2=' ' tag='337'><subfield code='a'>computer</subfield><subfield code='b'>c</subfield></datafield><datafield ind1=' ' ind2=' ' tag='338'><subfield code='a'>online resource</subfield><subfield code='b'>cr</subfield></datafield><datafield ind1=' ' ind2=' ' tag='500'><subfield code='a'>Bibliographic Level Mode of Issuance: Monograph</subfield></datafield><datafield ind1=' ' ind2=' ' tag='546'><subfield code='a'>Spanish</subfield></datafield><datafield ind1=' ' ind2=' ' tag='502'><subfield code='a'>Universidad Complutense de Madrid. Facultad de Filología. Departamento de Filología Románica.</subfield></datafield><datafield ind1=' ' ind2='4' tag='650'><subfield code='a'>Filología</subfield><subfield code='z'>Roma.</subfield></datafield><datafield ind1=' ' ind2='4' tag='650'><subfield code='a'>Philology.</subfield></datafield><datafield ind1='1' ind2='0' tag='600'><subfield code='a'>Lispector, Clarice, </subfield><subfield code='d'>1925-1977.</subfield></datafield><datafield ind1=' ' ind2='4' tag='655'><subfield code='a'>Electronic books.</subfield></datafield><datafield ind1=' ' ind2=' ' tag='776'><subfield code='z'>84-669-0977-X</subfield></datafield><datafield ind1='1' ind2=' ' tag='700'><subfield code='a'>Popeanga, Eugenia, </subfield><subfield code='e'>dir.</subfield></datafield><datafield ind1='2' ind2=' ' tag='710'><subfield code='a'>e-libro, Corp.</subfield></datafield><datafield ind1=' ' ind2=' ' tag='906'><subfield code='a'>DISSERTATION</subfield></datafield><datafield ind1=' ' ind2=' ' tag='ADM'><subfield code='b'>2017-11-28 00:06:07</subfield><subfield code='e'>1000000000372653</subfield><subfield code='d'>PQNKB</subfield><subfield code='f'>20160803134623.0</subfield><subfield code='a'>2012-02-25 22:36:26</subfield><subfield code='c'>false</subfield></datafield><datafield ind1=' ' ind2=' ' tag='PRT'><subfield code='a'>53389784400003811</subfield><subfield code='b'>https://sandbox01-na.alma.exlibrisgroup.com/view/uresolver/01TULI_INST/openurl?u.ignore_date_coverage=true&amp;rft.mms_id=991036806003303811</subfield><subfield code='e'>ebrary</subfield><subfield code='9'>Available</subfield><subfield code='c'>e-libro Catedra</subfield><subfield code='h'>611000000000001752</subfield><subfield code='8'>53389784400003811</subfield></datafield></record>