
<record xmlns='http://www.loc.gov/MARC21/slim'><leader>01295cam a2200361 a 4500</leader><controlfield tag='008'>010626s2002    enkc     b    001 0 eng d</controlfield><controlfield tag='005'>20170825212921.0</controlfield><controlfield tag='001'>991033955589703811</controlfield><datafield ind1=' ' ind2=' ' tag='020'><subfield code='a'>1900755629</subfield></datafield><datafield ind1=' ' ind2=' ' tag='035'><subfield code='a'>(PPT)b26226935-01tuli_inst</subfield></datafield><datafield ind1=' ' ind2=' ' tag='035'><subfield code='a'>(CStRLIN)ocn489458447</subfield><subfield code='9'>ExL</subfield></datafield><datafield ind1=' ' ind2=' ' tag='035'><subfield code='a'>PPTb26226935</subfield></datafield><datafield ind1=' ' ind2=' ' tag='035'><subfield code='a'>ocm52169758</subfield></datafield><datafield ind1=' ' ind2=' ' tag='035'><subfield code='a'>(OCLC)ocm52169758</subfield></datafield><datafield ind1=' ' ind2=' ' tag='040'><subfield code='a'>EQO</subfield><subfield code='c'>EQO</subfield><subfield code='d'>UKM</subfield><subfield code='d'>CSt</subfield><subfield code='d'>PPT</subfield></datafield><datafield ind1=' ' ind2=' ' tag='079'><subfield code='a'>ocm52169758</subfield></datafield><datafield ind1=' ' ind2=' ' tag='090'><subfield code='a'>PQ9697.L585</subfield><subfield code='b'>Z596x 2002 </subfield></datafield><datafield ind1='0' ind2='0' tag='245'><subfield code='a'>Closer to the wild heart :</subfield><subfield code='b'>essays on Clarice Lispector /</subfield><subfield code='c'>edited by Cláudia Pazos Alonso and Claire Williams.</subfield></datafield><datafield ind1=' ' ind2=' ' tag='260'><subfield code='a'>Oxford :</subfield><subfield code='b'>Legenda, European Humanities Research Centre, University of Oxford,</subfield><subfield code='c'>2002.</subfield></datafield><datafield ind1=' ' ind2=' ' tag='300'><subfield code='a'>xv, 242 p. :</subfield><subfield code='b'>port. ;</subfield><subfield code='c'>22 cm.</subfield></datafield><datafield ind1=' ' ind2=' ' tag='504'><subfield code='a'>Includes bibliographical references (p. [213]-237) and index.</subfield></datafield><datafield ind1='1' ind2='0' tag='600'><subfield code='a'>Lispector, Clarice</subfield><subfield code='x'>Criticism and interpretation.</subfield></datafield><datafield ind1='1' ind2='0' tag='600'><subfield code='a'>Lispector, Clarice.</subfield></datafield><datafield ind1=' ' ind2='0' tag='650'><subfield code='a'>Authors, Brazilian</subfield><subfield code='v'>Biography.</subfield></datafield><datafield ind1='1' ind2=' ' tag='700'><subfield code='a'>Alonso, Cláudia Pazos.</subfield></datafield><datafield ind1='1' ind2=' ' tag='700'><subfield code='a'>Williams, Claire,</subfield><subfield code='c'>Dr.</subfield></datafield><datafield ind1='2' ind2=' ' tag='710'><subfield code='a'>University of Oxford.</subfield><subfield code='b'>European Humanities Research Centre.</subfield></datafield><datafield ind1=' ' ind2=' ' tag='902'><subfield code='a'>161215</subfield></datafield><datafield ind1=' ' ind2=' ' tag='907'><subfield code='a'>.b26226935</subfield><subfield code='b'>p    </subfield><subfield code='c'>-</subfield></datafield><datafield ind1=' ' ind2=' ' tag='945'><subfield code='l'>pstk </subfield><subfield code='g'>1</subfield></datafield><datafield ind1=' ' ind2=' ' tag='979'><subfield code='a'>ocm52169758</subfield></datafield><datafield ind1=' ' ind2=' ' tag='998'><subfield code='b'>2</subfield><subfield code='c'>030306</subfield><subfield code='d'>m</subfield><subfield code='e'>a</subfield><subfield code='f'>-</subfield><subfield code='g'>0</subfield></datafield><datafield ind1=' ' ind2=' ' tag='998'><subfield code='a'>03/06/03</subfield><subfield code='s'>RLIN</subfield><subfield code='c'>RM</subfield></datafield><datafield ind1='0' ind2=' ' tag='HLD'><subfield code='b'>MAIN</subfield><subfield code='c'>stacks</subfield><subfield code='h'>PQ9697.L585</subfield><subfield code='i'>Z596x 2002</subfield><subfield code='8'>22324628580003811</subfield></datafield><datafield ind1=' ' ind2=' ' tag='ITM'><subfield code='b'>1</subfield><subfield code='h'>0</subfield><subfield code='g'>stacks</subfield><subfield code='9'>39074015474984</subfield><subfield code='e'>stacks</subfield><subfield code='8'>23324628570003811</subfield><subfield code='a'>0</subfield><subfield code='q'>2017-06-20 13:23:24</subfield><subfield code='i'>PQ9697.L585 Z596x 2002</subfield><subfield code='d'>MAIN</subfield><subfield code='r'>2018-05-03 19:23:04</subfield><subfield code='f'>MAIN</subfield></datafield></record>