
<record xmlns='http://www.loc.gov/MARC21/slim'><leader>01738nam a22004573a 4500</leader><controlfield tag='005'>20180315144308.0</controlfield><controlfield tag='006'>m        d        </controlfield><controlfield tag='007'>cr||n|||||||||</controlfield><controlfield tag='008'>081229s2009    enkaf   ob    001 0beng d</controlfield><controlfield tag='001'>991003378339703811</controlfield><datafield ind1=' ' ind2=' ' tag='020'><subfield code='a'>9780195385564 (acid-free paper)</subfield></datafield><datafield ind1=' ' ind2=' ' tag='020'><subfield code='a'>9781282270763 (MyiLibrary)</subfield></datafield><datafield ind1=' ' ind2=' ' tag='020'><subfield code='a'>1282270761</subfield></datafield><datafield ind1=' ' ind2=' ' tag='020'><subfield code='a'>9781282270763</subfield></datafield><datafield ind1=' ' ind2=' ' tag='035'><subfield code='a'>(PPT)b56233723-01tuli_inst</subfield></datafield><datafield ind1=' ' ind2=' ' tag='035'><subfield code='a'>(CaONFJC)cis23763285</subfield><subfield code='9'>ExL</subfield></datafield><datafield ind1=' ' ind2=' ' tag='035'><subfield code='a'>(OCoLC)0821626963</subfield></datafield><datafield ind1=' ' ind2=' ' tag='037'><subfield code='a'>227076</subfield><subfield code='b'>MIL</subfield></datafield><datafield ind1=' ' ind2=' ' tag='040'><subfield code='a'>CaONFJC</subfield><subfield code='c'>CaONFJC</subfield></datafield><datafield ind1=' ' ind2=' ' tag='043'><subfield code='a'>s-bl---</subfield></datafield><datafield ind1=' ' ind2=' ' tag='090'><subfield code='a'>PQ9697.L585</subfield><subfield code='b'>Z777 2009eb</subfield></datafield><datafield ind1='1' ind2=' ' tag='100'><subfield code='a'>Moser, Benjamin.</subfield></datafield><datafield ind1='1' ind2='0' tag='245'><subfield code='a'>Why this world</subfield><subfield code='h'>[electronic resource] :</subfield><subfield code='b'>a biography of Clarice Lispector /</subfield><subfield code='c'>Benjamin Moser.</subfield></datafield><datafield ind1=' ' ind2=' ' tag='260'><subfield code='a'>Oxford ;</subfield><subfield code='a'>New York :</subfield><subfield code='b'>Oxford University Press,</subfield><subfield code='c'>2009.</subfield></datafield><datafield ind1=' ' ind2=' ' tag='300'><subfield code='a'>1 online resource (viii, 479 p., [16] p of plates) :</subfield><subfield code='b'>ill.</subfield></datafield><datafield ind1=' ' ind2=' ' tag='336'><subfield code='a'>text</subfield><subfield code='b'>txt</subfield><subfield code='2'>rdacontent</subfield></datafield><datafield ind1=' ' ind2=' ' tag='337'><subfield code='a'>computer</subfield><subfield code='b'>c</subfield><subfield code='2'>rdamedia</subfield></datafield><datafield ind1=' ' ind2=' ' tag='338'><subfield code='a'>online resource</subfield><subfield code='b'>cr</subfield><subfield code='2'>rdacarrier</subfield></datafield><datafield ind1=' ' ind2=' ' tag='504'><subfield code='a'>Includes bibliographical references and index.</subfield></datafield><datafield ind1=' ' ind2=' ' tag='588'><subfield code='a'>Description based on print version record.</subfield></datafield><datafield ind1=' ' ind2=' ' tag='590'><subfield code='a'>Access is available to the Temple Community through use of a networked computer with a Temple IP address.</subfield></datafield><datafield ind1='1' ind2='0' tag='600'><subfield code='a'>Lispector, Clarice.</subfield></datafield><datafield ind1=' ' ind2='0' tag='650'><subfield code='a'>Authors, Brazilian</subfield><subfield code='y'>20th century</subfield><subfield code='v'>Biography.</subfield></datafield><datafield ind1=' ' ind2='0' tag='655'><subfield code='a'>Electronic books.</subfield></datafield><datafield ind1='2' ind2=' ' tag='710'><subfield code='a'>MyiLibrary.</subfield></datafield><datafield ind1='0' ind2='8' tag='776'><subfield code='i'>Print version:</subfield><subfield code='w'>(DLC)2008055639</subfield><subfield code='z'>9780195385564</subfield></datafield><datafield ind1='4' ind2='0' tag='856'><subfield code='u'>http://libproxy.temple.edu/login?url=http://lib.myilibrary.com/detail.asp?id=227076</subfield><subfield code='z'>Connect to MyiLibrary resource.</subfield></datafield><datafield ind1=' ' ind2=' ' tag='907'><subfield code='a'>.b56233723</subfield><subfield code='b'>w    </subfield><subfield code='c'>-</subfield></datafield><datafield ind1=' ' ind2=' ' tag='945'><subfield code='l'>w    </subfield><subfield code='g'>1</subfield></datafield><datafield ind1=' ' ind2=' ' tag='998'><subfield code='b'>1</subfield><subfield code='c'>140602</subfield><subfield code='d'>m</subfield><subfield code='e'>@</subfield><subfield code='f'>-</subfield><subfield code='g'>0</subfield></datafield><datafield ind1=' ' ind2=' ' tag='998'><subfield code='b'>1</subfield><subfield code='c'>140602</subfield><subfield code='d'>m</subfield><subfield code='e'>@</subfield><subfield code='f'>-</subfield><subfield code='g'>0</subfield></datafield><datafield ind1=' ' ind2=' ' tag='ADM'><subfield code='b'>2018-03-15 18:43:08</subfield><subfield code='e'>b56233723-01tuli_inst</subfield><subfield code='d'>ILS</subfield><subfield code='a'>2017-06-20 06:54:41</subfield><subfield code='c'>false</subfield></datafield><datafield ind1=' ' ind2=' ' tag='PRT'><subfield code='a'>53380580560003811</subfield><subfield code='b'>https://sandbox01-na.alma.exlibrisgroup.com/view/uresolver/01TULI_INST/openurl?u.ignore_date_coverage=true&amp;rft.mms_id=991003378339703811</subfield><subfield code='f'>Connect to MyiLibrary resource.</subfield><subfield code='9'>Available</subfield><subfield code='d'>MAIN</subfield><subfield code='c'>MyiLibrary</subfield><subfield code='8'>53380580560003811</subfield></datafield></record>