
<record xmlns='http://www.loc.gov/MARC21/slim'><leader>01113cam a2200337 a 4500</leader><controlfield tag='005'>20180315125354.0</controlfield><controlfield tag='008'>081006s2009    nyuabf   b    001 0beng d</controlfield><controlfield tag='001'>991034770379703811</controlfield><datafield ind1=' ' ind2=' ' tag='010'><subfield code='a'>2008055639</subfield></datafield><datafield ind1=' ' ind2=' ' tag='020'><subfield code='a'>9780195385564</subfield></datafield><datafield ind1=' ' ind2=' ' tag='020'><subfield code='a'>019538556X</subfield></datafield><datafield ind1=' ' ind2=' ' tag='035'><subfield code='a'>(PPT)b40052928-01tuli_inst</subfield></datafield><datafield ind1=' ' ind2=' ' tag='035'><subfield code='a'>(OCoLC)ocn492919012</subfield><subfield code='9'>ExL</subfield></datafield><datafield ind1=' ' ind2=' ' tag='035'><subfield code='a'>(OCoLC)261177279</subfield></datafield><datafield ind1=' ' ind2=' ' tag='035'><subfield code='a'>ocn261177279</subfield></datafield><datafield ind1=' ' ind2=' ' tag='035'><subfield code='a'>(OCLC)ocn261177279</subfield></datafield><datafield ind1=' ' ind2=' ' tag='040'><subfield code='a'>BTCTA</subfield><subfield code='c'>BTCTA</subfield><subfield code='d'>YDXCP</subfield><subfield code='d'>ROC</subfield><subfield code='d'>BWX</subfield><subfield code='d'>OCLCQ</subfield><subfield code='d'>PPT</subfield></datafield><datafield ind1=' ' ind2=' ' tag='079'><subfield code='a'>ocn261177279</subfield></datafield><datafield ind1=' ' ind2=' ' tag='090'><subfield code='a'>PQ9697.L585</subfield><subfield code='b'>Z767 2009</subfield></datafield><datafield ind1='1' ind2=' ' tag='100'><subfield code='a'>Moser, Benjamin.</subfield></datafield><datafield ind1='1' ind2='0' tag='245'><subfield code='a'>Why this world :</subfield><subfield code='b'>a biography of Clarice Lispector /</subfield><subfield code='c'>Benjamin Moser.</subfield></datafield><datafield ind1=' ' ind2=' ' tag='260'><subfield code='a'>New York :</subfield><subfield code='b'>Oxford University Press,</subfield><subfield code='c'>2009.</subfield></datafield><datafield ind1=' ' ind2=' ' tag='300'><subfield code='a'>viii, 479 p., [16] p. of plates :</subfield><subfield code='b'>ill., maps ;</subfield><subfield code='c'>25 cm.</subfield></datafield><datafield ind1=' ' ind2=' ' tag='504'><subfield code='a'>Includes bibliographical references and index.</subfield></datafield><datafield ind1='1' ind2='0' tag='600'><subfield code='a'>Lispector, Clarice.</subfield></datafield><datafield ind1=' ' ind2='0' tag='650'><subfield code='a'>Women novelists, Brazilian</subfield><subfield code='y'>20th century</subfield><subfield code='v'>Biography.</subfield></datafield><datafield ind1=' ' ind2=' ' tag='907'><subfield code='a'>.b40052928</subfield><subfield code='b'>p    </subfield><subfield code='c'>-</subfield></datafield><datafield ind1=' ' ind2=' ' tag='945'><subfield code='l'>pstk </subfield><subfield code='g'>1</subfield></datafield><datafield ind1=' ' ind2=' ' tag='979'><subfield code='a'>ocn261177279</subfield></datafield><datafield ind1=' ' ind2=' ' tag='998'><subfield code='b'>1</subfield><subfield code='c'>090813</subfield><subfield code='d'>m</subfield><subfield code='e'>a</subfield><subfield code='f'>-</subfield><subfield code='g'>0</subfield></datafield><datafield ind1=' ' ind2=' ' tag='998'><subfield code='a'>08/13/09</subfield><subfield code='s'>OCLC</subfield><subfield code='c'>RM</subfield></datafield><datafield ind1=' ' ind2=' ' tag='ADM'><subfield code='b'>2018-03-15 16:53:54</subfield><subfield code='e'>b40052928-01tuli_inst</subfield><subfield code='d'>ILS</subfield><subfield code='a'>2017-06-20 06:06:37</subfield><subfield code='c'>false</subfield></datafield><datafield ind1='0' ind2=' ' tag='HLD'><subfield code='b'>MAIN</subfield><subfield code='c'>stacks</subfield><subfield code='h'>PQ9697.L585</subfield><subfield code='i'>Z767 2009</subfield><subfield code='8'>22241580070003811</subfield></datafield><datafield ind1=' ' ind2=' ' tag='ITM'><subfield code='r'>22241580070003811</subfield><subfield code='b'>0</subfield><subfield code='u'>LOAN</subfield><subfield code='h'>0</subfield><subfield code='g'>stacks</subfield><subfield code='t'>BOOK</subfield><subfield code='9'>39074025456260</subfield><subfield code='e'>stacks</subfield><subfield code='8'>23241580060003811</subfield><subfield code='a'>0</subfield><subfield code='q'>2017-06-20 06:06:37</subfield><subfield code='i'>PQ9697.L585 Z767 2009</subfield><subfield code='d'>MAIN</subfield><subfield code='f'>MAIN</subfield></datafield></record>