
<record xmlns='http://www.loc.gov/MARC21/slim'><leader>01148nam  2200289 a 4500</leader><controlfield tag='001'>991036853181403811</controlfield><controlfield tag='005'>20170816112504.0</controlfield><controlfield tag='006'>m     o  d |      </controlfield><controlfield tag='007'>cr -n---------</controlfield><controlfield tag='008'>091012s2009    enkabcfjob    001 0beng d</controlfield><datafield ind1=' ' ind2=' ' tag='010'><subfield code='z'>  2008055639</subfield></datafield><datafield ind1=' ' ind2=' ' tag='020'><subfield code='a'>1-282-27076-1</subfield></datafield><datafield ind1=' ' ind2=' ' tag='020'><subfield code='a'>9786612270765</subfield></datafield><datafield ind1=' ' ind2=' ' tag='020'><subfield code='a'>0-19-972628-0</subfield></datafield><datafield ind1=' ' ind2=' ' tag='035'><subfield code='a'>(CKB)1000000000787471</subfield></datafield><datafield ind1=' ' ind2=' ' tag='035'><subfield code='a'>(EBL)453630</subfield></datafield><datafield ind1=' ' ind2=' ' tag='035'><subfield code='a'>(OCoLC)456376762</subfield></datafield><datafield ind1=' ' ind2=' ' tag='035'><subfield code='a'>(SSID)ssj0000271785</subfield></datafield><datafield ind1=' ' ind2=' ' tag='035'><subfield code='a'>(PQKBManifestationID)12052118</subfield></datafield><datafield ind1=' ' ind2=' ' tag='035'><subfield code='a'>(PQKBTitleCode)TC0000271785</subfield></datafield><datafield ind1=' ' ind2=' ' tag='035'><subfield code='a'>(PQKBWorkID)10295899</subfield></datafield><datafield ind1=' ' ind2=' ' tag='035'><subfield code='a'>(PQKB)11581517</subfield></datafield><datafield ind1=' ' ind2=' ' tag='035'><subfield code='a'>(MiAaPQ)EBC453630</subfield></datafield><datafield ind1=' ' ind2=' ' tag='035'><subfield code='a'>(EXLCZ)991000000000787471</subfield></datafield><datafield ind1=' ' ind2=' ' tag='040'><subfield code='a'>MiAaPQ</subfield><subfield code='c'>MiAaPQ</subfield><subfield code='d'>MiAaPQ</subfield></datafield><datafield ind1=' ' ind2=' ' tag='041'><subfield code='a'>eng</subfield></datafield><datafield ind1=' ' ind2='4' tag='050'><subfield code='a'>PQ9697.L57</subfield><subfield code='b'>Z767 2009</subfield></datafield><datafield ind1='0' ind2='0' tag='082'><subfield code='a'>869.3/42</subfield><subfield code='a'>869.341</subfield><subfield code='a'>869.342</subfield></datafield><datafield ind1='1' ind2=' ' tag='100'><subfield code='a'>Moser, Benjamin.</subfield></datafield><datafield ind1='1' ind2='0' tag='245'><subfield code='a'>Why this world</subfield><subfield code='h'>[electronic resource] :</subfield><subfield code='b'>a biography of Clarice Lispector /</subfield><subfield code='c'>Benjamin Moser.</subfield></datafield><datafield ind1=' ' ind2=' ' tag='260'><subfield code='a'>Oxford :</subfield><subfield code='b'>Oxford University Press,</subfield><subfield code='c'>2009.</subfield></datafield><datafield ind1=' ' ind2=' ' tag='300'><subfield code='a'>1 online resource (496 p.)</subfield></datafield><datafield ind1=' ' ind2=' ' tag='336'><subfield code='a'>text</subfield><subfield code='b'>txt</subfield></datafield><datafield ind1=' ' ind2=' ' tag='337'><subfield code='a'>computer</subfield><subfield code='b'>c</subfield></datafield><datafield ind1=' ' ind2=' ' tag='338'><subfield code='a'>online resource</subfield><subfield code='b'>cr</subfield></datafield><datafield ind1=' ' ind2=' ' tag='500'><subfield code='a'>Description based upon print version of record.</subfield></datafield><datafield ind1='0' ind2=' ' tag='505'><subfield code='a'>Contents; Map of Ukraine; Map of Brazil; Lispector Family Tree; Introduction: The Sphinx; 1. Fun Vonen Is a Yid?; 2. That Irrational Something; 3. The Average Pogrom; 4. The Missing Name; 5. Statue of Liberty; 6. Griene Gringos; 7. The Magical Stories; 8. National Melodrama; 9. Only for Madmen; 10. Flying Down to Rio; 11. God Stirs the Waters; 12. Straight from the Zoo; 13. Hurricane Clarice; 14. Trampoline to Victory; 15. Principessa di Napoli; 16. The Society of Shadows; 17. Volume in the Brain; 18. The Country of a Thousand Years of Peace; 19. The Public Statue; 20. The Third Experience</subfield></datafield><datafield ind1='8' ind2=' ' tag='505'><subfield code='a'>21. Her Empty Necklaces22. Marble Mausoleum; 23. The Intimate Balance; 24. Redemption through Sin; 25. The Worst Temptation; 26. Belonging to Brazil; 27. Better Than Borges; 28. The Cockroach; 29. And Revolution!; 30. The Egg Really Is White; 31. A Coarse Cactus; 32. Possible Dialogues; 33. Cultural Terror; 34. &quot;I Humanized Myself&quot;; 35. Monstre Sacré; 36. The Story of Instants That Flee; 37. Purged; 38. Batuba Jantiram Lecoli?; 39. Hen in Black Sauce; 40. Pornography; 41. The Witch; 42. The Thing Itself; 43. Lispectorian Silence; 44. Speaking from the Tomb; 45. Our Lady of the Good Death</subfield></datafield><datafield ind1='8' ind2=' ' tag='505'><subfield code='a'>EpilogueAcknowledgments; Notes; Works Cited; Illustration Credits; Index</subfield></datafield><datafield ind1=' ' ind2=' ' tag='520'><subfield code='a'>That rare person who looked like Marlene Dietrich and wrote like Virginia Woolf, Clarice Lispector is one of the most popular but least understood of Latin American writers. Now, after years of research on three continents, drawing on previously unknown manuscripts and dozens of interviews, Benjamin Moser demonstrates how Lispector&apos;s art was directly connected to her turbulent life. Born amidst the horrors of post-World War I Ukraine, Clarice&apos;s beauty, genius, and eccentricity intrigued Brazil virtually from her adolescence. Why This World tells how this precocious girl, through long exile abr</subfield></datafield><datafield ind1=' ' ind2=' ' tag='546'><subfield code='a'>English</subfield></datafield><datafield ind1=' ' ind2=' ' tag='504'><subfield code='a'>Includes bibliographical references (p. [395]-446) and index.</subfield></datafield><datafield ind1=' ' ind2='0' tag='650'><subfield code='a'>Women novelists, Brazilian</subfield><subfield code='y'>20th century</subfield><subfield code='v'>Biography.</subfield></datafield><datafield ind1=' ' ind2='0' tag='650'><subfield code='a'>Novelists, Brazilian</subfield><subfield code='y'>20th century</subfield><subfield code='v'>Biography.</subfield></datafield><datafield ind1=' ' ind2='4' tag='655'><subfield code='a'>Electronic books.</subfield></datafield><datafield ind1='1' ind2='0' tag='600'><subfield code='a'>Lispector, Clarice.</subfield></datafield><datafield ind1=' ' ind2=' ' tag='776'><subfield code='z'>0-19-538556-X</subfield></datafield><datafield ind1=' ' ind2=' ' tag='906'><subfield code='a'>BOOK</subfield></datafield><datafield ind1=' ' ind2=' ' tag='ADM'><subfield code='b'>2017-12-18 16:41:23</subfield><subfield code='e'>1000000000787471</subfield><subfield code='d'>EBC</subfield><subfield code='a'>2012-02-25 22:54:27</subfield><subfield code='c'>false</subfield></datafield><datafield ind1=' ' ind2=' ' tag='PRT'><subfield code='a'>53404767200003811</subfield><subfield code='b'>https://sandbox01-na.alma.exlibrisgroup.com/view/uresolver/01TULI_INST/openurl?u.ignore_date_coverage=true&amp;rft.mms_id=991036853181403811</subfield><subfield code='e'>EBSCOhost</subfield><subfield code='9'>Available</subfield><subfield code='c'>eBook Public Library Collection - North America</subfield><subfield code='h'>613790000000001577</subfield><subfield code='8'>53404767200003811</subfield></datafield></record>