
<record xmlns='http://www.loc.gov/MARC21/slim'><leader>02829pam a2200493 a 4500</leader><controlfield tag='005'>20180322144924.0</controlfield><controlfield tag='008'>030529s2004    nyu      b    001 0 eng  </controlfield><controlfield tag='001'>991000386419703811</controlfield><datafield ind1=' ' ind2=' ' tag='010'><subfield code='a'>2003012153</subfield></datafield><datafield ind1=' ' ind2=' ' tag='020'><subfield code='a'>0820469173 (alk. paper)</subfield></datafield><datafield ind1=' ' ind2=' ' tag='035'><subfield code='a'>(PPT)b27088479-01tuli_inst</subfield></datafield><datafield ind1=' ' ind2=' ' tag='035'><subfield code='a'>(DLC)ocn490348502</subfield><subfield code='9'>ExL</subfield></datafield><datafield ind1=' ' ind2=' ' tag='035'><subfield code='a'>DLC  2003012153</subfield></datafield><datafield ind1=' ' ind2=' ' tag='035'><subfield code='a'>ocm52424004</subfield></datafield><datafield ind1=' ' ind2=' ' tag='035'><subfield code='a'>(OCLC)ocm52424004</subfield></datafield><datafield ind1=' ' ind2=' ' tag='040'><subfield code='a'>DLC</subfield><subfield code='c'>DLC</subfield><subfield code='d'>DLC</subfield><subfield code='d'>OrLoB</subfield></datafield><datafield ind1=' ' ind2=' ' tag='042'><subfield code='a'>pcc</subfield></datafield><datafield ind1=' ' ind2=' ' tag='043'><subfield code='a'>cl-----</subfield></datafield><datafield ind1=' ' ind2=' ' tag='079'><subfield code='a'>ocm52424004</subfield></datafield><datafield ind1=' ' ind2=' ' tag='090'><subfield code='a'>PQ7081.5</subfield><subfield code='b'>.S36 2004</subfield></datafield><datafield ind1='1' ind2=' ' tag='100'><subfield code='a'>Santos, Cristina,</subfield><subfield code='d'>1972-</subfield></datafield><datafield ind1='1' ind2='0' tag='245'><subfield code='a'>Bending the rules in the quest for an authentic female identity :</subfield><subfield code='b'>Clarice Lispector and Carmen Boullosa /</subfield><subfield code='c'>Cristina Santos.</subfield></datafield><datafield ind1=' ' ind2=' ' tag='260'><subfield code='a'>New York ;</subfield><subfield code='a'>Oxford :</subfield><subfield code='b'>P. Lang,</subfield><subfield code='c'>c2004.</subfield></datafield><datafield ind1=' ' ind2=' ' tag='300'><subfield code='a'>viii, 157 p. ;</subfield><subfield code='c'>24 cm.</subfield></datafield><datafield ind1=' ' ind2='0' tag='440'><subfield code='a'>Wor(l)ds of change,</subfield><subfield code='x'>1072-334X ;</subfield><subfield code='v'>v. 55.</subfield></datafield><datafield ind1=' ' ind2=' ' tag='504'><subfield code='a'>Includes bibliographical references (p. [147]-153) and index.</subfield></datafield><datafield ind1='0' ind2=' ' tag='505'><subfield code='a'>Female identity and self-affirmation in Latin American literature : Clarice Lispector and Carmen Boullosa -- Considering the context of Latin American literary history -- &quot;Writing as women&quot; : women writing -- Innovations in the use of the narrative voice : Clarice Lispector and Carmen Boullosa -- Abandoning the constraints of the established literary tradition -- &quot;Purity of the instant&quot; or the essential simplicity of the originating instant and the fragmentation of narrative consciousness -- Deviations from authorial authority : reading between the lines in Boullosa&apos;s Papeles irresponsables -- The feminine condition in Clarice Lispector -- Approaching a discourse with the other -- Retrieving the primordial sense of being : a Paixao segundo G.H. -- Writing through the mask of the other : A hora da estrela -- The feminine condition in Carmen Boullosa -- Enunciating the self in writing -- Why is the queen so evil? : feminine sexuality in &quot;Blancanieves&quot; -- &quot;I love you to death&quot; : Boullosa&apos;s interview with a vampire in Isabel.</subfield></datafield><datafield ind1='1' ind2='0' tag='600'><subfield code='a'>Lispector, Clarice</subfield><subfield code='x'>Criticism and interpretation.</subfield></datafield><datafield ind1='1' ind2='0' tag='600'><subfield code='a'>Boullosa, Carmen</subfield><subfield code='x'>Criticism and interpretation.</subfield></datafield><datafield ind1=' ' ind2='0' tag='650'><subfield code='a'>Latin American literature</subfield><subfield code='x'>Women authors</subfield><subfield code='x'>History and criticism.</subfield></datafield><datafield ind1=' ' ind2='0' tag='650'><subfield code='a'>Latin American literature</subfield><subfield code='y'>20th century</subfield><subfield code='x'>History and criticism.</subfield></datafield><datafield ind1=' ' ind2='0' tag='650'><subfield code='a'>Women in literature.</subfield></datafield><datafield ind1=' ' ind2='0' tag='650'><subfield code='a'>Sex role in literature.</subfield></datafield><datafield ind1=' ' ind2='0' tag='650'><subfield code='a'>Identity (Psychology) in literature.</subfield></datafield><datafield ind1='4' ind2='1' tag='856'><subfield code='z'>Access Table of contents.</subfield><subfield code='u'>http://www.loc.gov/catdir/toc/ecip044/2003012153.html</subfield></datafield><datafield ind1=' ' ind2=' ' tag='901'><subfield code='a'>BNA</subfield></datafield><datafield ind1=' ' ind2=' ' tag='901'><subfield code='a'>R6426510</subfield></datafield><datafield ind1=' ' ind2=' ' tag='902'><subfield code='a'>040403AB0701</subfield></datafield><datafield ind1='0' ind2='0' tag='905'><subfield code='a'>Wor(l)ds of change : Latin American &amp; Iberian literature</subfield><subfield code='v'>v.55</subfield></datafield><datafield ind1=' ' ind2=' ' tag='907'><subfield code='a'>.b27088479</subfield><subfield code='b'>p    </subfield><subfield code='c'>-</subfield></datafield><datafield ind1=' ' ind2=' ' tag='945'><subfield code='l'>pstk </subfield><subfield code='g'>1</subfield></datafield><datafield ind1=' ' ind2=' ' tag='979'><subfield code='a'>ocm52424004</subfield></datafield><datafield ind1=' ' ind2=' ' tag='998'><subfield code='b'>1</subfield><subfield code='c'>040518</subfield><subfield code='d'>m</subfield><subfield code='e'>a</subfield><subfield code='f'>-</subfield><subfield code='g'>0</subfield></datafield><datafield ind1=' ' ind2=' ' tag='998'><subfield code='b'>1</subfield><subfield code='c'>040518</subfield><subfield code='d'>m</subfield><subfield code='e'>a</subfield><subfield code='f'>-</subfield><subfield code='g'>0</subfield></datafield><datafield ind1='0' ind2=' ' tag='HLD'><subfield code='b'>MAIN</subfield><subfield code='c'>stacks</subfield><subfield code='h'>PQ7081.5</subfield><subfield code='i'>.S36 2004</subfield><subfield code='8'>22304297880003811</subfield></datafield><datafield ind1=' ' ind2=' ' tag='ITM'><subfield code='b'>1</subfield><subfield code='h'>0</subfield><subfield code='g'>stacks</subfield><subfield code='9'>39074016457889</subfield><subfield code='e'>stacks</subfield><subfield code='8'>23304297870003811</subfield><subfield code='a'>0</subfield><subfield code='q'>2017-06-20 10:35:18</subfield><subfield code='i'>PQ7081.5 .S36 2004</subfield><subfield code='d'>MAIN</subfield><subfield code='r'>2018-05-13 17:05:04</subfield><subfield code='f'>MAIN</subfield></datafield></record>