
<record xmlns='http://www.loc.gov/MARC21/slim'><leader>01200nam  2200325 a 4500</leader><controlfield tag='001'>991036730418503811</controlfield><controlfield tag='005'>20170815121529.0</controlfield><controlfield tag='006'>m     o  d |      </controlfield><controlfield tag='007'>cr -n---------</controlfield><controlfield tag='008'>930722s1994    mnu     ob   s001 0deng d</controlfield><datafield ind1=' ' ind2=' ' tag='010'><subfield code='z'>   93029690 </subfield></datafield><datafield ind1=' ' ind2=' ' tag='020'><subfield code='a'>0-8166-8470-7</subfield></datafield><datafield ind1=' ' ind2=' ' tag='035'><subfield code='a'>(CKB)1000000000347207</subfield></datafield><datafield ind1=' ' ind2=' ' tag='035'><subfield code='a'>(EBL)310277</subfield></datafield><datafield ind1=' ' ind2=' ' tag='035'><subfield code='a'>(OCoLC)476093513</subfield></datafield><datafield ind1=' ' ind2=' ' tag='035'><subfield code='a'>(SSID)ssj0000218495</subfield></datafield><datafield ind1=' ' ind2=' ' tag='035'><subfield code='a'>(PQKBManifestationID)11190303</subfield></datafield><datafield ind1=' ' ind2=' ' tag='035'><subfield code='a'>(PQKBTitleCode)TC0000218495</subfield></datafield><datafield ind1=' ' ind2=' ' tag='035'><subfield code='a'>(PQKBWorkID)10214684</subfield></datafield><datafield ind1=' ' ind2=' ' tag='035'><subfield code='a'>(PQKB)10878970</subfield></datafield><datafield ind1=' ' ind2=' ' tag='035'><subfield code='a'>(MiAaPQ)EBC310277</subfield></datafield><datafield ind1=' ' ind2=' ' tag='035'><subfield code='a'>(EXLCZ)991000000000347207</subfield></datafield><datafield ind1=' ' ind2=' ' tag='040'><subfield code='a'>MiAaPQ</subfield><subfield code='c'>MiAaPQ</subfield><subfield code='d'>MiAaPQ</subfield></datafield><datafield ind1=' ' ind2=' ' tag='041'><subfield code='a'>eng</subfield></datafield><datafield ind1=' ' ind2='4' tag='050'><subfield code='a'>PQ9697.L585</subfield><subfield code='b'>Z84 1994</subfield></datafield><datafield ind1='0' ind2='0' tag='082'><subfield code='a'>869.3</subfield></datafield><datafield ind1='1' ind2=' ' tag='100'><subfield code='a'>Peixoto, Marta.</subfield></datafield><datafield ind1='1' ind2='0' tag='245'><subfield code='a'>Passionate fictions</subfield><subfield code='h'>[electronic resource] :</subfield><subfield code='b'>gender, narrative, and violence in Clarice Lispector /</subfield><subfield code='c'>Marta Peixoto.</subfield></datafield><datafield ind1=' ' ind2=' ' tag='260'><subfield code='a'>Minneapolis :</subfield><subfield code='b'>University of Minnesota Press,</subfield><subfield code='c'>c1994.</subfield></datafield><datafield ind1=' ' ind2=' ' tag='300'><subfield code='a'>1 online resource (138 p.)</subfield></datafield><datafield ind1=' ' ind2=' ' tag='336'><subfield code='a'>text</subfield><subfield code='b'>txt</subfield></datafield><datafield ind1=' ' ind2=' ' tag='337'><subfield code='a'>computer</subfield><subfield code='b'>c</subfield></datafield><datafield ind1=' ' ind2=' ' tag='338'><subfield code='a'>online resource</subfield><subfield code='b'>cr</subfield></datafield><datafield ind1=' ' ind2=' ' tag='500'><subfield code='a'>Description based upon print version of record.</subfield></datafield><datafield ind1='0' ind2=' ' tag='505'><subfield code='a'>Contents; Acknowledgments; Introduction; 1. The Young Artist and the Snares of Gender; 2. Female Power in Family Ties; 3. The Nurturing Text in Hélène Cixous and Clarice Lispector; 4. A Woman Writing: Fiction and Autobiography in The Stream of Life and The Stations of the Body; 5. Rape and Textual Violence; Afterword: The Violence of a Heart; Notes; Bibliography; Index</subfield></datafield><datafield ind1=' ' ind2=' ' tag='520'><subfield code='a'>Clarice Lispector is the premiere Latin American woman prose writer of this century, Suzanne Ruta noted in the New York Times Book Review, &quot;&quot;but because she is a woman and a Brazilian, she has remained virtually unknown in the United States.&quot;&quot; Passionate Fictions provides American readers with a critical introduction to this remarkable writer and offers those who already know Lispector&apos;s fiction a deeper understanding of its complex workings.</subfield></datafield><datafield ind1=' ' ind2=' ' tag='546'><subfield code='a'>English</subfield></datafield><datafield ind1=' ' ind2=' ' tag='504'><subfield code='a'>Includes bibliographical references (p. 109-112) and index.</subfield></datafield><datafield ind1=' ' ind2='0' tag='650'><subfield code='a'>Women in literature.</subfield></datafield><datafield ind1=' ' ind2='0' tag='650'><subfield code='a'>Sex role in literature.</subfield></datafield><datafield ind1=' ' ind2='0' tag='650'><subfield code='a'>Violence in literature.</subfield></datafield><datafield ind1=' ' ind2='4' tag='655'><subfield code='a'>Electronic books.</subfield></datafield><datafield ind1='1' ind2='0' tag='600'><subfield code='a'>Lispector, Clarice</subfield><subfield code='x'>Criticism and interpretation.</subfield></datafield><datafield ind1=' ' ind2=' ' tag='776'><subfield code='z'>0-8166-2159-4</subfield></datafield><datafield ind1=' ' ind2=' ' tag='776'><subfield code='z'>0-8166-2158-6</subfield></datafield><datafield ind1=' ' ind2=' ' tag='906'><subfield code='a'>BOOK</subfield></datafield><datafield ind1=' ' ind2=' ' tag='PRT'><subfield code='a'>53408872730003811</subfield><subfield code='b'>https://sandbox01-na.alma.exlibrisgroup.com/view/uresolver/01TULI_INST/openurl?u.ignore_date_coverage=true&amp;rft.mms_id=991036730418503811</subfield><subfield code='e'>JSTOR</subfield><subfield code='c'>JSTOR Books EBA Pilot</subfield><subfield code='h'>613810000000000259</subfield><subfield code='8'>53408872730003811</subfield></datafield><datafield ind1=' ' ind2=' ' tag='PRT'><subfield code='a'>53420545370003811</subfield><subfield code='b'>https://sandbox01-na.alma.exlibrisgroup.com/view/uresolver/01TULI_INST/openurl?u.ignore_date_coverage=true&amp;rft.mms_id=991036730418503811</subfield><subfield code='e'>Ebook Central</subfield><subfield code='c'>Ebook Central Academic Complete</subfield><subfield code='h'>614200000000000002</subfield><subfield code='8'>53420545370003811</subfield></datafield><datafield ind1=' ' ind2=' ' tag='PRT'><subfield code='a'>53424612210003811</subfield><subfield code='b'>https://sandbox01-na.alma.exlibrisgroup.com/view/uresolver/01TULI_INST/openurl?u.ignore_date_coverage=true&amp;rft.mms_id=991036730418503811</subfield><subfield code='e'>Ebook Central</subfield><subfield code='c'>Ebook Central University Press</subfield><subfield code='h'>614330000000000093</subfield><subfield code='8'>53424612210003811</subfield></datafield></record>