
<record xmlns='http://www.loc.gov/MARC21/slim'><leader>02712cam a2200433 a 4500</leader><controlfield tag='005'>20170825211315.0</controlfield><controlfield tag='008'>111028s2011    enk      b    001 0 eng d</controlfield><controlfield tag='001'>991028962929703811</controlfield><datafield ind1=' ' ind2=' ' tag='010'><subfield code='a'>2011456977</subfield></datafield><datafield ind1=' ' ind2=' ' tag='020'><subfield code='a'>9781906540470 (hdbk.)</subfield></datafield><datafield ind1=' ' ind2=' ' tag='020'><subfield code='a'>1906540470 (hdbk.)</subfield></datafield><datafield ind1=' ' ind2=' ' tag='035'><subfield code='a'>(PPT)b52068298-01tuli_inst</subfield></datafield><datafield ind1=' ' ind2=' ' tag='035'><subfield code='a'>(OCoLC)ocn795766150</subfield><subfield code='9'>ExL</subfield></datafield><datafield ind1=' ' ind2=' ' tag='035'><subfield code='a'>(OCoLC)757855989</subfield></datafield><datafield ind1=' ' ind2=' ' tag='035'><subfield code='a'>ocn757855989</subfield></datafield><datafield ind1=' ' ind2=' ' tag='035'><subfield code='a'>(OCLC)ocn757855989</subfield></datafield><datafield ind1=' ' ind2=' ' tag='040'><subfield code='a'>DGU</subfield><subfield code='b'>eng</subfield><subfield code='c'>DGU</subfield><subfield code='d'>DLC</subfield><subfield code='d'>CUV</subfield><subfield code='d'>KIJ</subfield><subfield code='d'>NYP</subfield><subfield code='d'>UKMGB</subfield><subfield code='d'>CDX</subfield></datafield><datafield ind1='0' ind2=' ' tag='041'><subfield code='a'>eng</subfield><subfield code='a'>por</subfield></datafield><datafield ind1=' ' ind2=' ' tag='042'><subfield code='a'>lccopycat</subfield></datafield><datafield ind1=' ' ind2=' ' tag='079'><subfield code='a'>ocn757855989</subfield></datafield><datafield ind1=' ' ind2=' ' tag='090'><subfield code='a'>PQ9697.L585</subfield><subfield code='b'>Z95 2011</subfield></datafield><datafield ind1='1' ind2=' ' tag='100'><subfield code='a'>Villares, Lúcia,</subfield><subfield code='d'>1954-</subfield></datafield><datafield ind1='1' ind2='0' tag='245'><subfield code='a'>Examining whiteness :</subfield><subfield code='b'>reading Clarice Lispector through Bessie Head and Toni Morrison /</subfield><subfield code='c'>Lucia Villares.</subfield></datafield><datafield ind1='3' ind2='0' tag='246'><subfield code='a'>Reading Clarice Lispector through Bessie Head and Toni Morrison</subfield></datafield><datafield ind1=' ' ind2=' ' tag='260'><subfield code='a'>London :</subfield><subfield code='b'>Legenda,</subfield><subfield code='c'>2011.</subfield></datafield><datafield ind1=' ' ind2=' ' tag='300'><subfield code='a'>202 p. ;</subfield><subfield code='c'>26 cm.</subfield></datafield><datafield ind1=' ' ind2=' ' tag='504'><subfield code='a'>Includes bibliographical references (p. [194]-198) and index.</subfield></datafield><datafield ind1='0' ind2=' ' tag='505'><subfield code='a'>Introduction : Clarice Lispector, subjectivity and the national. The threshold of the unspeakable -- The pathological as a way into the national -- Part I. &apos;A Question of Power&quot; : unspeakable miscegenation ; Haunting in Toni Morrison&apos;s &apos;Beloved&apos; -- Part II. Welcoming the ghost : haunting in &quot;A paixão segundo G. H.&apos; ; Whiteness and the construction of subjectivity in &apos;O lustre&apos; ; Modernization and the phantasmagoria of commodities in &apos;A cidade sitiada&apos; ; Racism and the performance of whiteness in &apos;A hora da estrela&apos; -- Conclusion.</subfield></datafield><datafield ind1='8' ind2=' ' tag='520'><subfield code='a'>&quot;Critics consider Clarice Lispector the leading female writer in the Brazilian literary canon. Her connections with the nation, however, seem to magically disappear as her work is analysed. This paradox is the starting point for this analysis of the works of an author who--despite being born in the Ukraine--grew up to become an irreplaceable presence in Brazilian literature. Non-Brazilian authors, such as the South African Bessie Head and the North American Toni Morrison, provide triggering concepts to help tackle a blind-spot in Brazilian culture: the issue of racial difference. From this new perspective overlooked black characters in Lispector&apos;s work become crucial and relevant, and whiteness emerges as an iunexamined set of norms&quot;--Publisher&apos;s description, back cover.</subfield></datafield><datafield ind1=' ' ind2=' ' tag='546'><subfield code='a'>English and Portuguese.</subfield></datafield><datafield ind1='1' ind2='0' tag='600'><subfield code='a'>Lispector, Clarice</subfield><subfield code='x'>Criticism and interpretation.</subfield></datafield><datafield ind1='1' ind2='0' tag='600'><subfield code='a'>Head, Bessie,</subfield><subfield code='d'>1937-1986.</subfield></datafield><datafield ind1='1' ind2='0' tag='600'><subfield code='a'>Morrison, Toni.</subfield></datafield><datafield ind1=' ' ind2=' ' tag='902'><subfield code='a'>161215</subfield></datafield><datafield ind1=' ' ind2=' ' tag='907'><subfield code='a'>.b52068298</subfield><subfield code='b'>p    </subfield><subfield code='c'>-</subfield></datafield><datafield ind1=' ' ind2=' ' tag='945'><subfield code='l'>pstk </subfield><subfield code='g'>1</subfield></datafield><datafield ind1=' ' ind2=' ' tag='979'><subfield code='a'>ocn757855989</subfield></datafield><datafield ind1=' ' ind2=' ' tag='998'><subfield code='b'>1</subfield><subfield code='c'>120529</subfield><subfield code='d'>m</subfield><subfield code='e'>a</subfield><subfield code='f'>-</subfield><subfield code='g'>0</subfield></datafield><datafield ind1=' ' ind2=' ' tag='998'><subfield code='a'>05/29/12</subfield><subfield code='s'>LC</subfield><subfield code='c'>AT</subfield></datafield><datafield ind1=' ' ind2=' ' tag='ADM'><subfield code='b'>2017-11-29 08:13:07</subfield><subfield code='e'>b52068298-01tuli_inst</subfield><subfield code='d'>ILS</subfield><subfield code='a'>2017-06-20 09:57:06</subfield><subfield code='c'>false</subfield></datafield><datafield ind1='0' ind2=' ' tag='HLD'><subfield code='b'>MAIN</subfield><subfield code='c'>stacks</subfield><subfield code='h'>PQ9697.L585</subfield><subfield code='i'>Z95 2011</subfield><subfield code='8'>22298557350003811</subfield></datafield><datafield ind1=' ' ind2=' ' tag='ITM'><subfield code='r'>22298557350003811</subfield><subfield code='b'>1</subfield><subfield code='h'>0</subfield><subfield code='g'>stacks</subfield><subfield code='t'>BOOK</subfield><subfield code='9'>39074026474700</subfield><subfield code='e'>stacks</subfield><subfield code='8'>23298557340003811</subfield><subfield code='a'>0</subfield><subfield code='q'>2017-06-20 09:57:06</subfield><subfield code='i'>PQ9697.L585 Z95 2011</subfield><subfield code='d'>MAIN</subfield><subfield code='f'>MAIN</subfield></datafield></record>