
<record xmlns='http://www.loc.gov/MARC21/slim'><leader>02354cam a2200493 i 4500</leader><controlfield tag='005'>20180315164958.0</controlfield><controlfield tag='008'>140709s2013    mx       b    000 0 spa d</controlfield><controlfield tag='001'>991005877789703811</controlfield><datafield ind1=' ' ind2=' ' tag='010'><subfield code='a'>2014380636</subfield></datafield><datafield ind1=' ' ind2=' ' tag='020'><subfield code='a'>9786070243219</subfield></datafield><datafield ind1=' ' ind2=' ' tag='020'><subfield code='a'>6070243218</subfield></datafield><datafield ind1=' ' ind2=' ' tag='035'><subfield code='a'>(PPT)b56856519-01tuli_inst</subfield></datafield><datafield ind1=' ' ind2=' ' tag='035'><subfield code='a'>(OCoLC)ocn894945881</subfield><subfield code='9'>ExL</subfield></datafield><datafield ind1=' ' ind2=' ' tag='035'><subfield code='a'>(OCoLC)876406051</subfield></datafield><datafield ind1=' ' ind2=' ' tag='035'><subfield code='a'>ocn876406051</subfield></datafield><datafield ind1=' ' ind2=' ' tag='035'><subfield code='a'>(OCLC)ocn876406051</subfield></datafield><datafield ind1=' ' ind2=' ' tag='040'><subfield code='a'>IQU</subfield><subfield code='b'>eng</subfield><subfield code='e'>rda</subfield><subfield code='c'>IQU</subfield><subfield code='d'>DLC</subfield></datafield><datafield ind1=' ' ind2=' ' tag='042'><subfield code='a'>lccopycat</subfield></datafield><datafield ind1=' ' ind2=' ' tag='079'><subfield code='a'>ocn876406051</subfield></datafield><datafield ind1=' ' ind2=' ' tag='090'><subfield code='a'>PQ7082.N7</subfield><subfield code='b'>M73 2013</subfield></datafield><datafield ind1='1' ind2=' ' tag='100'><subfield code='a'>Mosqueda, Raquel,</subfield><subfield code='e'>author.</subfield></datafield><datafield ind1='1' ind2='0' tag='245'><subfield code='a'>Cuatro narradores hacia el Otro :</subfield><subfield code='b'>Clarice Lispector, Silvina Ocampo, Manuel Puig y Luisa Josefina Hernández /</subfield><subfield code='c'>Raquel Mosqueda Rivera.</subfield></datafield><datafield ind1=' ' ind2=' ' tag='250'><subfield code='a'>Primera edición.</subfield></datafield><datafield ind1=' ' ind2='1' tag='264'><subfield code='a'>México, D.F. :</subfield><subfield code='b'>Universidad Nacional Autónoma de México,</subfield><subfield code='c'>2013.</subfield></datafield><datafield ind1=' ' ind2=' ' tag='300'><subfield code='a'>189 pages ;</subfield><subfield code='c'>23 cm </subfield></datafield><datafield ind1=' ' ind2=' ' tag='336'><subfield code='a'>text</subfield><subfield code='b'>txt</subfield><subfield code='2'>rdacontent</subfield></datafield><datafield ind1=' ' ind2=' ' tag='337'><subfield code='a'>unmediated</subfield><subfield code='b'>n</subfield><subfield code='2'>rdamedia</subfield></datafield><datafield ind1=' ' ind2=' ' tag='338'><subfield code='a'>volume</subfield><subfield code='b'>nc</subfield><subfield code='2'>rdacarrier</subfield></datafield><datafield ind1='1' ind2=' ' tag='490'><subfield code='a'>Resurrectio. VI, Estudios ;</subfield><subfield code='v'>2</subfield></datafield><datafield ind1=' ' ind2=' ' tag='500'><subfield code='a'>&quot;Instituto de Estudios Filológicos, Seminario de Edición Crítica de Textos&quot;--Page facing title page.</subfield></datafield><datafield ind1=' ' ind2=' ' tag='504'><subfield code='a'>Includes bibliographical references (pages 181-189).</subfield></datafield><datafield ind1='0' ind2=' ' tag='505'><subfield code='a'>Introducción. El &quot;Otro&quot; como problema ; El Otro siempre presente. Otredad y narrativa ; Enfrentarse al Otro. Otredad, erotismo y violencia -- I. Clarice Lispector, A paixão segundo G.H. : la Otredad o el Dios de-velado -- II. Silvina Ocampo, Cornelia frente al espejo : el Otro o el lugar donde la muerte espera -- III. Manuel Puig, El beso de la mujer araña : entretejer al Otro -- IV. Luisa Josefina Hernández, Apocalipsis cum figuris : el Otro hasta el fin del mundo -- V. Conclusiones : los Otros : nosotros.</subfield></datafield><datafield ind1=' ' ind2='0' tag='650'><subfield code='a'>Latin American fiction</subfield><subfield code='y'>20th century</subfield><subfield code='x'>History and criticism.</subfield></datafield><datafield ind1='1' ind2='0' tag='600'><subfield code='a'>Lispector, Clarice.</subfield><subfield code='t'>Paixão segundo G.H.</subfield></datafield><datafield ind1='1' ind2='0' tag='600'><subfield code='a'>Ocampo, Silvina.</subfield><subfield code='t'>Cornelia frente al espejo.</subfield></datafield><datafield ind1='1' ind2='0' tag='600'><subfield code='a'>Puig, Manuel.</subfield><subfield code='t'>Beso de la mujer araña.</subfield></datafield><datafield ind1=' ' ind2='0' tag='650'><subfield code='a'>Other (Philosophy) in literature.</subfield></datafield><datafield ind1='1' ind2='0' tag='600'><subfield code='a'>Hernández, Luisa Josefina.</subfield><subfield code='t'>Apocalipsis cum figuris.</subfield></datafield><datafield ind1=' ' ind2='0' tag='830'><subfield code='a'>Resurrectio.</subfield><subfield code='n'>VI,</subfield><subfield code='p'>Estudios ;</subfield><subfield code='v'>2.</subfield></datafield><datafield ind1=' ' ind2=' ' tag='907'><subfield code='a'>.b56856519</subfield><subfield code='b'>p    </subfield><subfield code='c'>-</subfield></datafield><datafield ind1=' ' ind2=' ' tag='945'><subfield code='l'>pstk </subfield><subfield code='g'>1</subfield></datafield><datafield ind1=' ' ind2=' ' tag='979'><subfield code='a'>ocn876406051</subfield></datafield><datafield ind1=' ' ind2=' ' tag='998'><subfield code='b'>0</subfield><subfield code='c'>141028</subfield><subfield code='d'>m</subfield><subfield code='e'>a</subfield><subfield code='f'>-</subfield><subfield code='g'>0</subfield></datafield><datafield ind1=' ' ind2=' ' tag='998'><subfield code='a'>10/28/14</subfield><subfield code='s'>LC</subfield><subfield code='c'>AT</subfield></datafield><datafield ind1='0' ind2=' ' tag='HLD'><subfield code='b'>MAIN</subfield><subfield code='c'>stacks</subfield><subfield code='h'>PQ7082.N7</subfield><subfield code='i'>M73 2013</subfield><subfield code='8'>22320168860003811</subfield></datafield><datafield ind1=' ' ind2=' ' tag='ITM'><subfield code='b'>1</subfield><subfield code='h'>0</subfield><subfield code='g'>stacks</subfield><subfield code='9'>39074029689304</subfield><subfield code='e'>stacks</subfield><subfield code='8'>23320168850003811</subfield><subfield code='a'>0</subfield><subfield code='q'>2017-06-20 12:43:45</subfield><subfield code='i'>PQ7082.N7 M73 2013</subfield><subfield code='d'>MAIN</subfield><subfield code='r'>2018-05-13 17:11:49</subfield><subfield code='f'>MAIN</subfield></datafield></record>