
<record xmlns='http://www.loc.gov/MARC21/slim'><leader>01414nam a22004090  4500</leader><controlfield tag='005'>20180315193951.0</controlfield><controlfield tag='008'>891116r1989    nyu           00011 eng  </controlfield><controlfield tag='001'>991025504499703811</controlfield><datafield ind1=' ' ind2=' ' tag='010'><subfield code='a'>89002938</subfield></datafield><datafield ind1=' ' ind2=' ' tag='020'><subfield code='a'>0811210901 :</subfield><subfield code='c'>19.95</subfield></datafield><datafield ind1=' ' ind2=' ' tag='020'><subfield code='z'>0811210911 (alk. paper)</subfield></datafield><datafield ind1=' ' ind2=' ' tag='020'><subfield code='a'>081121091X (pbk. : alk. paper)</subfield></datafield><datafield ind1=' ' ind2=' ' tag='035'><subfield code='a'>(PPT)b15270919-01tuli_inst</subfield></datafield><datafield ind1=' ' ind2=' ' tag='035'><subfield code='a'>ocn471806432</subfield><subfield code='9'>ExL</subfield></datafield><datafield ind1=' ' ind2=' ' tag='035'><subfield code='a'>PATG89-B21778</subfield></datafield><datafield ind1=' ' ind2=' ' tag='035'><subfield code='a'>ocm19125731</subfield></datafield><datafield ind1=' ' ind2=' ' tag='035'><subfield code='a'>(OCLC)ocm19125731</subfield></datafield><datafield ind1=' ' ind2=' ' tag='040'><subfield code='d'>CSmat</subfield><subfield code='d'>CoFS</subfield></datafield><datafield ind1='1' ind2=' ' tag='041'><subfield code='a'>engpor</subfield></datafield><datafield ind1=' ' ind2=' ' tag='079'><subfield code='a'>ocm19125731</subfield></datafield><datafield ind1=' ' ind2=' ' tag='090'><subfield code='a'>PQ9697.L585A6 1989</subfield></datafield><datafield ind1='1' ind2='0' tag='100'><subfield code='a'>Lispector, Clarice.</subfield></datafield><datafield ind1='0' ind2='0' tag='240'><subfield code='a'>Short stories.</subfield><subfield code='k'>Selections.</subfield><subfield code='l'>English</subfield></datafield><datafield ind1='1' ind2='0' tag='245'><subfield code='a'>Soulstorm :</subfield><subfield code='b'>stories /</subfield><subfield code='c'>by Clarice Lispector ; translated with an afterword by Alexis Levitin ; introduction by Grace Paley.</subfield></datafield><datafield ind1=' ' ind2=' ' tag='260'><subfield code='a'>New York :</subfield><subfield code='b'>New Directions Pub.,</subfield><subfield code='c'>1989.</subfield></datafield><datafield ind1=' ' ind2=' ' tag='300'><subfield code='a'>xi, 175 p. ;</subfield><subfield code='c'>21 cm.</subfield></datafield><datafield ind1=' ' ind2=' ' tag='500'><subfield code='a'>Includes selections from A via crucis do corpo and Onde estivestes de noite? Originally published in Brazilian Portuguese.</subfield></datafield><datafield ind1='1' ind2='0' tag='600'><subfield code='a'>Lispector, Clarice</subfield><subfield code='x'>Translations into English.</subfield></datafield><datafield ind1=' ' ind2=' ' tag='902'><subfield code='a'>160217</subfield></datafield><datafield ind1=' ' ind2=' ' tag='907'><subfield code='a'>.b15270919</subfield><subfield code='b'>p    </subfield><subfield code='c'>-</subfield></datafield><datafield ind1=' ' ind2=' ' tag='935'><subfield code='a'>00567767</subfield></datafield><datafield ind1=' ' ind2=' ' tag='945'><subfield code='l'>pstk </subfield><subfield code='g'>1</subfield></datafield><datafield ind1=' ' ind2=' ' tag='950'><subfield code='l'>P</subfield><subfield code='i'>11/16/89 N</subfield></datafield><datafield ind1=' ' ind2=' ' tag='955'><subfield code='l'>P</subfield><subfield code='c'>0</subfield><subfield code='i'>11/16/89 C</subfield></datafield><datafield ind1=' ' ind2=' ' tag='979'><subfield code='a'>ocm19125731</subfield></datafield><datafield ind1=' ' ind2=' ' tag='998'><subfield code='b'>1</subfield><subfield code='c'>990101</subfield><subfield code='d'>m</subfield><subfield code='e'>a</subfield><subfield code='f'>-</subfield><subfield code='g'>0</subfield></datafield><datafield ind1=' ' ind2=' ' tag='998'><subfield code='a'>11/16/89</subfield><subfield code='t'>c</subfield><subfield code='s'>9110</subfield><subfield code='n'>PPT</subfield><subfield code='w'>CABG89B7123</subfield><subfield code='d'>11/16/89</subfield><subfield code='b'>RF</subfield><subfield code='i'>891116</subfield><subfield code='l'>PATG</subfield></datafield><datafield ind1=' ' ind2=' ' tag='ADM'><subfield code='b'>2018-03-15 23:39:51</subfield><subfield code='e'>b15270919-01tuli_inst</subfield><subfield code='d'>ILS</subfield><subfield code='a'>2017-06-20 14:27:55</subfield><subfield code='c'>false</subfield></datafield><datafield ind1='0' ind2=' ' tag='HLD'><subfield code='b'>MAIN</subfield><subfield code='c'>stacks</subfield><subfield code='h'>PQ9697.L585A6 1989</subfield><subfield code='8'>22331780510003811</subfield></datafield><datafield ind1=' ' ind2=' ' tag='ITM'><subfield code='r'>22331780510003811</subfield><subfield code='b'>0</subfield><subfield code='u'>HOLDSHELF</subfield><subfield code='h'>0</subfield><subfield code='g'>stacks</subfield><subfield code='t'>BOOK</subfield><subfield code='9'>39074007039092</subfield><subfield code='e'>stacks</subfield><subfield code='8'>23331780500003811</subfield><subfield code='a'>0</subfield><subfield code='q'>2017-06-20 14:27:55</subfield><subfield code='i'>PQ9697.L585A6 1989</subfield><subfield code='d'>MAIN</subfield><subfield code='f'>MAIN</subfield></datafield></record>