
<record xmlns='http://www.loc.gov/MARC21/slim'><leader>04305cam a2200517 i 4500</leader><controlfield tag='005'>20180315121905.0</controlfield><controlfield tag='008'>150508s2015    nyu      b    000 j eng  </controlfield><controlfield tag='001'>991012951889703811</controlfield><datafield ind1=' ' ind2=' ' tag='010'><subfield code='a'>2015013285</subfield></datafield><datafield ind1=' ' ind2=' ' tag='020'><subfield code='a'>9780811219631 (alk. paper)</subfield></datafield><datafield ind1=' ' ind2=' ' tag='020'><subfield code='a'>0811219631 (alk. paper)</subfield></datafield><datafield ind1='8' ind2=' ' tag='024'><subfield code='a'>40025090581</subfield></datafield><datafield ind1=' ' ind2=' ' tag='035'><subfield code='a'>(PPT)b58626037-01tuli_inst</subfield></datafield><datafield ind1=' ' ind2=' ' tag='035'><subfield code='a'>(OCoLC)892878776</subfield><subfield code='z'>(OCoLC)916429392</subfield></datafield><datafield ind1=' ' ind2=' ' tag='035'><subfield code='a'>ocn892878776</subfield></datafield><datafield ind1=' ' ind2=' ' tag='035'><subfield code='a'>(OCLC)ocn892878776</subfield></datafield><datafield ind1=' ' ind2=' ' tag='040'><subfield code='a'>DLC</subfield><subfield code='b'>eng</subfield><subfield code='e'>rda</subfield><subfield code='c'>DLC</subfield><subfield code='d'>YDXCP</subfield><subfield code='d'>BTCTA</subfield><subfield code='d'>BDX</subfield><subfield code='d'>WIM</subfield><subfield code='d'>DAD</subfield><subfield code='d'>FO7</subfield><subfield code='d'>LEB</subfield><subfield code='d'>CLU</subfield><subfield code='d'>COO</subfield><subfield code='d'>OCLCO</subfield><subfield code='d'>YUS</subfield><subfield code='d'>ZCU</subfield><subfield code='d'>OCLCO</subfield><subfield code='d'>OCLCF</subfield><subfield code='d'>OCLCO</subfield><subfield code='d'>HCD</subfield><subfield code='d'>STF</subfield><subfield code='d'>OCLCO</subfield><subfield code='d'>NLGGC</subfield><subfield code='d'>IDU</subfield></datafield><datafield ind1='1' ind2=' ' tag='041'><subfield code='a'>eng</subfield><subfield code='h'>por</subfield></datafield><datafield ind1=' ' ind2=' ' tag='042'><subfield code='a'>pcc</subfield></datafield><datafield ind1=' ' ind2=' ' tag='079'><subfield code='a'>ocn892878776</subfield></datafield><datafield ind1=' ' ind2=' ' tag='090'><subfield code='a'>PQ9697.L585</subfield><subfield code='b'>A2 2015</subfield></datafield><datafield ind1='1' ind2=' ' tag='100'><subfield code='a'>Lispector, Clarice</subfield><subfield code='e'>author.</subfield></datafield><datafield ind1='0' ind2='0' tag='240'><subfield code='a'>Works.</subfield><subfield code='l'>English</subfield></datafield><datafield ind1='1' ind2='4' tag='245'><subfield code='a'>The complete stories /</subfield><subfield code='c'>Clarice Lispector ; translated from the Portuguese by Katrina Dodson ; introduction by Benjamin Moser ; edited by Benjamin Moser.</subfield></datafield><datafield ind1=' ' ind2='1' tag='264'><subfield code='a'>New York :</subfield><subfield code='b'>New Directions,</subfield><subfield code='c'>2015.</subfield></datafield><datafield ind1=' ' ind2=' ' tag='300'><subfield code='a'>xxiii, 645 pages ;</subfield><subfield code='c'>21 cm</subfield></datafield><datafield ind1=' ' ind2=' ' tag='336'><subfield code='a'>text</subfield><subfield code='b'>txt</subfield><subfield code='2'>rdacontent</subfield></datafield><datafield ind1=' ' ind2=' ' tag='337'><subfield code='a'>unmediated</subfield><subfield code='b'>n</subfield><subfield code='2'>rdamedia</subfield></datafield><datafield ind1=' ' ind2=' ' tag='338'><subfield code='a'>volume</subfield><subfield code='b'>nc</subfield><subfield code='2'>rdacarrier</subfield></datafield><datafield ind1=' ' ind2=' ' tag='504'><subfield code='a'>Includes bibliographical references.</subfield></datafield><datafield ind1='0' ind2='0' tag='505'><subfield code='t'>Glamour and grammar /</subfield><subfield code='r'>by Benjamin Moser --</subfield><subfield code='t'>First stories:</subfield><subfield code='t'>The triumph ;</subfield><subfield code='t'>Obsession ;</subfield><subfield code='t'>The fever dream ;</subfield><subfield code='t'>Jimmy and I ;</subfield><subfield code='t'>Interrupted story ;</subfield><subfield code='t'>The escape ;</subfield><subfield code='t'>Excerpt ;</subfield><subfield code='t'>Letters to Hermengardo ;</subfield><subfield code='t'>Gertrudes asks for advice ;</subfield><subfield code='t'>Another couple of drunks --</subfield><subfield code='t'>Family ties:</subfield><subfield code='t'>Daydream and drunkenness of a young lady ;</subfield><subfield code='t'>Love ;</subfield><subfield code='t'>A chicken ;</subfield><subfield code='t'>The imitation of the rose ;</subfield><subfield code='t'>Happy birthday ;</subfield><subfield code='t'>The smallest woman in the world ;</subfield><subfield code='t'>The dinner ;</subfield><subfield code='t'>Preciousness ;</subfield><subfield code='t'>Family ties ;</subfield><subfield code='t'>Beginnings of a fortune ;</subfield><subfield code='t'>Mystery in São Cristóvão ;</subfield><subfield code='t'>The crime of the mathematics teacher ;</subfield><subfield code='t'>The buffalo --</subfield><subfield code='t'>The foreign legion:</subfield><subfield code='t'>The disasters of Sofia ;</subfield><subfield code='t'>The sharing of loaves ;</subfield><subfield code='t'>The message ;</subfield><subfield code='t'>Monkeys ;</subfield><subfield code='t'>The egg and the chicken ;</subfield><subfield code='t'>Temptation ;</subfield><subfield code='t'>Journey to Petrópolis ;</subfield><subfield code='t'>The solution ;</subfield><subfield code='t'>Evolution of a myopia ;</subfield><subfield code='t'>The fifth story ;</subfield><subfield code='t'>A sincere friendship ;</subfield><subfield code='t'>The obedient ones ;</subfield><subfield code='t'>The foreign legion --</subfield><subfield code='t'>Back of the drawer:</subfield><subfield code='t'>The burned sinner and the harmonious angels ;</subfield><subfield code='t'>Profile of chosen beings ;</subfield><subfield code='t'>Inaugural address ;</subfield><subfield code='t'>Mineirinho --</subfield><subfield code='t'>Covert joy:</subfield><subfield code='t'>Covert joy ;</subfield><subfield code='t'>Remnants of carnival ;</subfield><subfield code='t'>Eat up, my son ;</subfield><subfield code='t'>Forgiving God ;</subfield><subfield code='t'>One hundred years of forgiveness ;</subfield><subfield code='t'>A hope ;</subfield><subfield code='t'>The servant ;</subfield><subfield code='t'>Boy in pen and ink ;</subfield><subfield code='t'>A tale of so much love ;</subfield><subfield code='t'>The waters of the world ;</subfield><subfield code='t'>Involuntary incarnation ;</subfield><subfield code='t'>Two stories my way ;</subfield><subfield code='t'>The first kiss --</subfield><subfield code='t'>Where were you at night:</subfield><subfield code='t'>In search of a dignity ;</subfield><subfield code='t'>The departure of the train ;</subfield><subfield code='t'>Dry sketch of horses ;</subfield><subfield code='t'>Where were you at night ;</subfield><subfield code='t'>Report on the thing ;</subfield><subfield code='t'>Manifesto of the city ;</subfield><subfield code='t'>The conjurings of Dona Frozina ;</subfield><subfield code='t'>That&apos;s where I&apos;m going ;</subfield><subfield code='t'>The dead man in the sea at Urca ;</subfield><subfield code='t'>Silence ;</subfield><subfield code='t'>A full afternoon ;</subfield><subfield code='t'>Such gentleness ;</subfield><subfield code='t'>Soul storm ;</subfield><subfield code='t'>Natural life --</subfield><subfield code='t'>The Via Crucis of the body:</subfield><subfield code='t'>Explanation ;</subfield><subfield code='t'>Miss Algrave ;</subfield><subfield code='t'>The body ;</subfield><subfield code='t'>Via Crucis ;</subfield><subfield code='t'>The man who showed up ;</subfield><subfield code='t'>He drank me up ;</subfield><subfield code='t'>For the time being ;</subfield><subfield code='t'>Day after day ;</subfield><subfield code='t'>The sound of footsteps ;</subfield><subfield code='t'>Before the Rio-Niterói Bridge ;</subfield><subfield code='t'>Praça Mauá --</subfield><subfield code='t'>Pig Latin ;</subfield><subfield code='t'>Better than to burn ;</subfield><subfield code='t'>But it&apos;s going to rain --</subfield><subfield code='t'>Vision of splendor: Brasília --</subfield><subfield code='t'>Final stories:</subfield><subfield code='t'>Beauty and the Beast or The enormous wound ;</subfield><subfield code='t'>One day less --</subfield><subfield code='g'>Appendix:</subfield><subfield code='t'>The useless explanation --</subfield><subfield code='t'>Translator&apos;s note /</subfield><subfield code='r'>by Katrina Dodson --</subfield><subfield code='g'>Biographical note --</subfield><subfield code='g'>Acknowledgements.</subfield></datafield><datafield ind1=' ' ind2=' ' tag='520'><subfield code='a'>From one of the greatest modern writers, these stories, gathered from the nine collections published during her lifetime, follow an unbroken time line of success as a writer, from her adolescence to her death bed.</subfield></datafield><datafield ind1=' ' ind2=' ' tag='546'><subfield code='a'>Translated from the Portuguese.</subfield></datafield><datafield ind1='1' ind2='0' tag='600'><subfield code='a'>Lispector, Clarice</subfield><subfield code='v'>Translations into English.</subfield></datafield><datafield ind1='1' ind2='7' tag='600'><subfield code='a'>Lispector, Clarice.</subfield><subfield code='2'>fast</subfield><subfield code='0'>(OCoLC)fst00017375</subfield></datafield><datafield ind1=' ' ind2='7' tag='655'><subfield code='a'>Short stories.</subfield><subfield code='2'>fast</subfield><subfield code='0'>(OCoLC)fst01726740</subfield></datafield><datafield ind1=' ' ind2='7' tag='655'><subfield code='a'>Translations.</subfield><subfield code='2'>fast</subfield><subfield code='0'>(OCoLC)fst01423791</subfield></datafield><datafield ind1=' ' ind2='7' tag='655'><subfield code='a'>Short stories.</subfield><subfield code='2'>lcgft</subfield></datafield><datafield ind1=' ' ind2='7' tag='655'><subfield code='a'>Verhalen (teksten)</subfield><subfield code='2'>gtt</subfield><subfield code='0'>(NL-LeOCL)112192645</subfield></datafield><datafield ind1='1' ind2=' ' tag='700'><subfield code='a'>Dodson, Katrina,</subfield><subfield code='e'>translator.</subfield></datafield><datafield ind1='1' ind2=' ' tag='700'><subfield code='a'>Moser, Benjamin,</subfield><subfield code='e'>editor,</subfield><subfield code='e'>writer of introduction.</subfield></datafield><datafield ind1=' ' ind2=' ' tag='907'><subfield code='a'>.b58626037</subfield><subfield code='b'>p    </subfield><subfield code='c'>-</subfield></datafield><datafield ind1=' ' ind2=' ' tag='945'><subfield code='l'>pstk </subfield><subfield code='g'>1</subfield></datafield><datafield ind1=' ' ind2=' ' tag='979'><subfield code='a'>ocn892878776</subfield></datafield><datafield ind1=' ' ind2=' ' tag='998'><subfield code='b'>1</subfield><subfield code='c'>160112</subfield><subfield code='d'>m</subfield><subfield code='e'>a</subfield><subfield code='f'>-</subfield><subfield code='g'>4</subfield></datafield><datafield ind1=' ' ind2=' ' tag='998'><subfield code='b'>1</subfield><subfield code='c'>160112</subfield><subfield code='d'>m</subfield><subfield code='e'>a</subfield><subfield code='f'>-</subfield><subfield code='g'>4</subfield></datafield><datafield ind1=' ' ind2=' ' tag='ADM'><subfield code='b'>2018-03-15 16:19:05</subfield><subfield code='e'>b58626037-01tuli_inst</subfield><subfield code='d'>ILS</subfield><subfield code='a'>2017-06-20 07:41:52</subfield><subfield code='c'>false</subfield></datafield><datafield ind1='0' ind2=' ' tag='HLD'><subfield code='b'>MAIN</subfield><subfield code='c'>stacks</subfield><subfield code='h'>PQ9697.L585</subfield><subfield code='i'>A2 2015</subfield><subfield code='8'>22270817170003811</subfield></datafield><datafield ind1=' ' ind2=' ' tag='ITM'><subfield code='r'>22270817170003811</subfield><subfield code='b'>0</subfield><subfield code='u'>LOAN</subfield><subfield code='h'>0</subfield><subfield code='g'>stacks</subfield><subfield code='t'>BOOK</subfield><subfield code='9'>39074028849537</subfield><subfield code='e'>stacks</subfield><subfield code='8'>23270817160003811</subfield><subfield code='a'>0</subfield><subfield code='q'>2017-06-20 07:41:52</subfield><subfield code='i'>PQ9697.L585 A2 2015</subfield><subfield code='d'>MAIN</subfield><subfield code='f'>MAIN</subfield></datafield></record>