
<record xmlns='http://www.loc.gov/MARC21/slim'><leader>01215nam  2200313Ia 4500</leader><controlfield tag='001'>991036730479903811</controlfield><controlfield tag='005'>20170815120820.0</controlfield><controlfield tag='006'>m     o  d |      </controlfield><controlfield tag='007'>cr -n---------</controlfield><controlfield tag='008'>910304s1991    mnu     ob   s001 0 eng d</controlfield><datafield ind1=' ' ind2=' ' tag='010'><subfield code='z'>   91012384 </subfield></datafield><datafield ind1=' ' ind2=' ' tag='020'><subfield code='a'>0-8166-8376-X</subfield></datafield><datafield ind1=' ' ind2=' ' tag='035'><subfield code='a'>(CKB)1000000000347234</subfield></datafield><datafield ind1=' ' ind2=' ' tag='035'><subfield code='a'>(EBL)310210</subfield></datafield><datafield ind1=' ' ind2=' ' tag='035'><subfield code='a'>(OCoLC)191932308</subfield></datafield><datafield ind1=' ' ind2=' ' tag='035'><subfield code='a'>(SSID)ssj0000283434</subfield></datafield><datafield ind1=' ' ind2=' ' tag='035'><subfield code='a'>(PQKBManifestationID)11912536</subfield></datafield><datafield ind1=' ' ind2=' ' tag='035'><subfield code='a'>(PQKBTitleCode)TC0000283434</subfield></datafield><datafield ind1=' ' ind2=' ' tag='035'><subfield code='a'>(PQKBWorkID)10249253</subfield></datafield><datafield ind1=' ' ind2=' ' tag='035'><subfield code='a'>(PQKB)10856588</subfield></datafield><datafield ind1=' ' ind2=' ' tag='035'><subfield code='a'>(MiAaPQ)EBC310210</subfield></datafield><datafield ind1=' ' ind2=' ' tag='035'><subfield code='a'>(EXLCZ)991000000000347234</subfield></datafield><datafield ind1=' ' ind2=' ' tag='040'><subfield code='a'>MiAaPQ</subfield><subfield code='c'>MiAaPQ</subfield><subfield code='d'>MiAaPQ</subfield></datafield><datafield ind1=' ' ind2=' ' tag='041'><subfield code='a'>eng</subfield></datafield><datafield ind1=' ' ind2='4' tag='050'><subfield code='a'>PN871</subfield><subfield code='b'>.C55 1991</subfield></datafield><datafield ind1='0' ind2='0' tag='082'><subfield code='a'>809.3</subfield></datafield><datafield ind1='1' ind2=' ' tag='100'><subfield code='a'>Cixous, Hélène,</subfield><subfield code='d'>1937-</subfield></datafield><datafield ind1=' ' ind2=' ' tag='210'><subfield code='a'>READINGS</subfield></datafield><datafield ind1=' ' ind2=' ' tag='210'><subfield code='a'>READINGS : THE POETICS OF BLANCHOT, JOYCE, KAKFA, KLEIST, LISPECTOR, &amp; TSVETAYEVA</subfield></datafield><datafield ind1='1' ind2='0' tag='245'><subfield code='a'>Readings</subfield><subfield code='h'>[electronic resource] :</subfield><subfield code='b'>the poetics of Blanchot, Joyce, Kafka, Kleist, Lispector, and Tsvetayeva /</subfield><subfield code='c'>Hélène Cixous ; edited, translated, and introduced by Verena Andermatt Conley.</subfield></datafield><datafield ind1=' ' ind2=' ' tag='246'><subfield code='a'>Theory and History of Literature </subfield></datafield><datafield ind1=' ' ind2=' ' tag='260'><subfield code='a'>Minneapolis :</subfield><subfield code='b'>University of Minnesota Press,</subfield><subfield code='c'>1991.</subfield></datafield><datafield ind1=' ' ind2=' ' tag='300'><subfield code='a'>1 online resource (174 p.)</subfield></datafield><datafield ind1=' ' ind2=' ' tag='336'><subfield code='a'>text</subfield><subfield code='b'>txt</subfield></datafield><datafield ind1=' ' ind2=' ' tag='337'><subfield code='a'>computer</subfield><subfield code='b'>c</subfield></datafield><datafield ind1=' ' ind2=' ' tag='338'><subfield code='a'>online resource</subfield><subfield code='b'>cr</subfield></datafield><datafield ind1='1' ind2=' ' tag='490'><subfield code='a'>Theory and history of literature ;</subfield><subfield code='v'>v. 77</subfield></datafield><datafield ind1=' ' ind2=' ' tag='500'><subfield code='a'>Description based upon print version of record.</subfield></datafield><datafield ind1='0' ind2=' ' tag='505'><subfield code='a'>Contents; Acknowledgments; Introduction; 1. Writing and the Law: Blanchot, Joyce, Kafks, and Lispector; 2. Grace and Innocence: Heinrich von Kleist; 3. Apprenticeship and Alienation: Clarice Lispector and Maurice Blanchot; 4. Poetry, Passion, and History: Marina Tsvetayeva; Index</subfield></datafield><datafield ind1=' ' ind2=' ' tag='520'><subfield code='a'>A leader in the feminist intellectual movement, Cixous presents this highly informative meditation on ethics and poetics which draws on philosophy and psychoanalysis.</subfield></datafield><datafield ind1=' ' ind2=' ' tag='546'><subfield code='a'>English</subfield></datafield><datafield ind1=' ' ind2=' ' tag='504'><subfield code='a'>Includes bibliographical references and index.</subfield></datafield><datafield ind1=' ' ind2='0' tag='650'><subfield code='a'>Comparative literature.</subfield></datafield><datafield ind1=' ' ind2='0' tag='650'><subfield code='a'>Philology.</subfield></datafield><datafield ind1=' ' ind2='4' tag='655'><subfield code='a'>Electronic books.</subfield></datafield><datafield ind1='1' ind2=' ' tag='700'><subfield code='a'>Conley, Verena Andermatt.</subfield></datafield><datafield ind1=' ' ind2=' ' tag='776'><subfield code='z'>0-8166-1941-7</subfield></datafield><datafield ind1=' ' ind2=' ' tag='776'><subfield code='z'>0-8166-1940-9</subfield></datafield><datafield ind1=' ' ind2='0' tag='830'><subfield code='a'>Theory and History of Literature</subfield></datafield><datafield ind1=' ' ind2=' ' tag='906'><subfield code='a'>BOOK</subfield></datafield><datafield ind1=' ' ind2=' ' tag='PRT'><subfield code='a'>53408910620003811</subfield><subfield code='b'>https://sandbox01-na.alma.exlibrisgroup.com/view/uresolver/01TULI_INST/openurl?u.ignore_date_coverage=true&amp;rft.mms_id=991036730479903811</subfield><subfield code='e'>JSTOR</subfield><subfield code='c'>JSTOR Books EBA Pilot</subfield><subfield code='h'>613810000000000259</subfield><subfield code='8'>53408910620003811</subfield></datafield><datafield ind1=' ' ind2=' ' tag='PRT'><subfield code='a'>53420533230003811</subfield><subfield code='b'>https://sandbox01-na.alma.exlibrisgroup.com/view/uresolver/01TULI_INST/openurl?u.ignore_date_coverage=true&amp;rft.mms_id=991036730479903811</subfield><subfield code='e'>Ebook Central</subfield><subfield code='c'>Ebook Central Academic Complete</subfield><subfield code='h'>614200000000000002</subfield><subfield code='8'>53420533230003811</subfield></datafield><datafield ind1=' ' ind2=' ' tag='PRT'><subfield code='a'>53424613770003811</subfield><subfield code='b'>https://sandbox01-na.alma.exlibrisgroup.com/view/uresolver/01TULI_INST/openurl?u.ignore_date_coverage=true&amp;rft.mms_id=991036730479903811</subfield><subfield code='e'>Ebook Central</subfield><subfield code='c'>Ebook Central University Press</subfield><subfield code='h'>614330000000000093</subfield><subfield code='8'>53424613770003811</subfield></datafield></record>