
<record xmlns='http://www.loc.gov/MARC21/slim'><leader>01604cam a2200421 a 4500</leader><controlfield tag='005'>20180315122900.0</controlfield><controlfield tag='008'>050823s2005    bl       b    000 0 por  </controlfield><controlfield tag='001'>991026213899703811</controlfield><datafield ind1=' ' ind2=' ' tag='010'><subfield code='a'>2005340250</subfield></datafield><datafield ind1=' ' ind2=' ' tag='020'><subfield code='a'>8532518966</subfield></datafield><datafield ind1=' ' ind2=' ' tag='020'><subfield code='a'>9788532518965</subfield></datafield><datafield ind1=' ' ind2=' ' tag='035'><subfield code='a'>(PPT)b51126254-01tuli_inst</subfield></datafield><datafield ind1=' ' ind2=' ' tag='035'><subfield code='a'>(OCoLC)ocn781685912</subfield><subfield code='9'>ExL</subfield></datafield><datafield ind1=' ' ind2=' ' tag='035'><subfield code='a'>(OCoLC)64552925</subfield><subfield code='z'>(OCoLC)265959609</subfield></datafield><datafield ind1=' ' ind2=' ' tag='035'><subfield code='a'>ocm64552925</subfield></datafield><datafield ind1=' ' ind2=' ' tag='035'><subfield code='a'>(OCLC)ocm64552925</subfield></datafield><datafield ind1=' ' ind2=' ' tag='040'><subfield code='a'>DLC</subfield><subfield code='c'>DLC</subfield><subfield code='d'>IQU</subfield><subfield code='d'>IXA</subfield><subfield code='d'>CUD</subfield><subfield code='d'>UBA</subfield><subfield code='d'>BLBSF</subfield></datafield><datafield ind1=' ' ind2=' ' tag='042'><subfield code='a'>lcode</subfield></datafield><datafield ind1=' ' ind2=' ' tag='079'><subfield code='a'>ocm64552925</subfield></datafield><datafield ind1=' ' ind2=' ' tag='090'><subfield code='a'>PQ9697.L585</subfield><subfield code='b'>A6 2005</subfield></datafield><datafield ind1='1' ind2=' ' tag='100'><subfield code='a'>Lispector, Clarice.</subfield></datafield><datafield ind1='0' ind2='0' tag='240'><subfield code='a'>Works.</subfield><subfield code='k'>Selections.</subfield><subfield code='f'>2005</subfield></datafield><datafield ind1='1' ind2='0' tag='245'><subfield code='a'>Outros escritos /</subfield><subfield code='c'>Clarice Lispector ; organização, Teresa Montero e Lícia Manzo.</subfield></datafield><datafield ind1=' ' ind2=' ' tag='260'><subfield code='a'>Rio de Janeiro, RJ :</subfield><subfield code='b'>Rocco,</subfield><subfield code='c'>c2005.</subfield></datafield><datafield ind1=' ' ind2=' ' tag='300'><subfield code='a'>174 p. ;</subfield><subfield code='c'>21 cm.</subfield></datafield><datafield ind1=' ' ind2=' ' tag='500'><subfield code='a'>Includes an interview with Clarice Lispector by Affonso Romano de Sant&apos;Anna, João Salgueiro and Marina Colasanti, at the Museu da Imagem e do Som do Rio de Janeiro, Oct. 20, 1976.</subfield></datafield><datafield ind1=' ' ind2=' ' tag='504'><subfield code='a'>List of the author&apos;s works: p. [2].</subfield></datafield><datafield ind1=' ' ind2=' ' tag='504'><subfield code='a'>Includes bibliographical references (p. 173-174).</subfield></datafield><datafield ind1='1' ind2='0' tag='600'><subfield code='a'>Lispector, Clarice</subfield><subfield code='v'>Interviews.</subfield></datafield><datafield ind1='1' ind2='4' tag='650'><subfield code='a'>Literatura,</subfield><subfield code='x'>coletânea,</subfield><subfield code='z'>Brasil.</subfield></datafield><datafield ind1='1' ind2=' ' tag='700'><subfield code='a'>Montero, Teresa.</subfield></datafield><datafield ind1='1' ind2=' ' tag='700'><subfield code='a'>Manzo, Lícia.</subfield></datafield><datafield ind1='0' ind2='8' tag='776'><subfield code='i'>Online version:</subfield><subfield code='a'>Lispector, Clarice.</subfield><subfield code='s'>Selections. 2005.</subfield><subfield code='t'>Outros escritos.</subfield><subfield code='d'>Rio de Janeiro, RJ : Rocco, c2005</subfield><subfield code='w'>(OCoLC)656818708</subfield></datafield><datafield ind1=' ' ind2=' ' tag='907'><subfield code='a'>.b51126254</subfield><subfield code='b'>p    </subfield><subfield code='c'>-</subfield></datafield><datafield ind1=' ' ind2=' ' tag='945'><subfield code='l'>pstk </subfield><subfield code='g'>1</subfield></datafield><datafield ind1=' ' ind2=' ' tag='979'><subfield code='a'>ocm64552925</subfield></datafield><datafield ind1=' ' ind2=' ' tag='998'><subfield code='b'>0</subfield><subfield code='c'>120315</subfield><subfield code='d'>m</subfield><subfield code='e'>a</subfield><subfield code='f'>-</subfield><subfield code='g'>0</subfield></datafield><datafield ind1=' ' ind2=' ' tag='998'><subfield code='a'>03/15/12</subfield><subfield code='s'>LC</subfield><subfield code='c'>YL</subfield></datafield><datafield ind1=' ' ind2=' ' tag='ADM'><subfield code='b'>2018-03-15 16:29:01</subfield><subfield code='e'>b51126254-01tuli_inst</subfield><subfield code='d'>ILS</subfield><subfield code='a'>2017-06-20 07:58:17</subfield><subfield code='c'>false</subfield></datafield><datafield ind1='0' ind2=' ' tag='HLD'><subfield code='b'>MAIN</subfield><subfield code='c'>stacks</subfield><subfield code='h'>PQ9697.L585</subfield><subfield code='i'>A6 2005</subfield><subfield code='8'>22275427230003811</subfield></datafield><datafield ind1=' ' ind2=' ' tag='ITM'><subfield code='r'>22275427230003811</subfield><subfield code='b'>0</subfield><subfield code='u'>LOAN</subfield><subfield code='h'>0</subfield><subfield code='g'>stacks</subfield><subfield code='t'>BOOK</subfield><subfield code='9'>39074027388586</subfield><subfield code='e'>stacks</subfield><subfield code='8'>23275427220003811</subfield><subfield code='a'>0</subfield><subfield code='q'>2017-06-20 07:58:17</subfield><subfield code='i'>PQ9697.L585 A6 2005</subfield><subfield code='d'>MAIN</subfield><subfield code='f'>MAIN</subfield></datafield></record>