
<record xmlns='http://www.loc.gov/MARC21/slim'><leader>01551nam a2200397 a 4500</leader><controlfield tag='005'>20180315125433.0</controlfield><controlfield tag='008'>950525s1995    sp       b   s000 0 spa  </controlfield><controlfield tag='001'>991035962339703811</controlfield><datafield ind1=' ' ind2=' ' tag='010'><subfield code='a'>95157425</subfield></datafield><datafield ind1=' ' ind2=' ' tag='020'><subfield code='a'>8476584636</subfield></datafield><datafield ind1=' ' ind2=' ' tag='035'><subfield code='a'>(PPT)b17488758-01tuli_inst</subfield></datafield><datafield ind1=' ' ind2=' ' tag='035'><subfield code='a'>(DLC    )ocn477437936</subfield><subfield code='9'>ExL</subfield></datafield><datafield ind1=' ' ind2=' ' tag='035'><subfield code='a'>DLC   95157425</subfield></datafield><datafield ind1=' ' ind2=' ' tag='035'><subfield code='a'>ocm34246422</subfield></datafield><datafield ind1=' ' ind2=' ' tag='035'><subfield code='a'>(OCLC)ocm34246422</subfield></datafield><datafield ind1=' ' ind2=' ' tag='040'><subfield code='a'>DLC</subfield><subfield code='c'>DLC</subfield></datafield><datafield ind1='1' ind2=' ' tag='041'><subfield code='a'>spa</subfield><subfield code='h'>fre</subfield></datafield><datafield ind1=' ' ind2=' ' tag='079'><subfield code='a'>ocm34246422</subfield></datafield><datafield ind1=' ' ind2=' ' tag='090'><subfield code='a'>PN151.C585 1995</subfield></datafield><datafield ind1='1' ind2=' ' tag='100'><subfield code='a'>Cixous, Hélène,</subfield><subfield code='d'>1937-</subfield></datafield><datafield ind1='1' ind2='3' tag='245'><subfield code='a'>La risa de la medusa :</subfield><subfield code='b'>ensayos sobre la escritura /</subfield><subfield code='c'>Hélène Cixous ; prólogo y traducción de Ana María Moix ; traducción revisada por Myriam Díaz-Diocaretz.</subfield></datafield><datafield ind1=' ' ind2=' ' tag='250'><subfield code='a'>1. ed.</subfield></datafield><datafield ind1=' ' ind2=' ' tag='260'><subfield code='a'>Madrid :</subfield><subfield code='b'>Dirección General de la Mujer ;</subfield><subfield code='a'>Barcelona :</subfield><subfield code='b'>Anthropos ;</subfield><subfield code='a'>San José :</subfield><subfield code='b'>Editorial de la Universidad de Puerto Rico,</subfield><subfield code='c'>1995.</subfield></datafield><datafield ind1=' ' ind2=' ' tag='300'><subfield code='a'>201 p. ;</subfield><subfield code='c'>20 cm.</subfield></datafield><datafield ind1='1' ind2=' ' tag='490'><subfield code='a'>Pensamiento crítico/pensamiento utópico ;</subfield><subfield code='v'>88.</subfield><subfield code='a'>Cultura y diferencia</subfield></datafield><datafield ind1=' ' ind2=' ' tag='504'><subfield code='a'>Includes bibliographical references and index.</subfield></datafield><datafield ind1='0' ind2=' ' tag='505'><subfield code='a'>La joven nacida -- Vivir la naranja -- La hora de Clarice Lispector.</subfield></datafield><datafield ind1='1' ind2='0' tag='600'><subfield code='a'>Lispector, Clarice</subfield><subfield code='x'>Criticism and interpretation.</subfield></datafield><datafield ind1=' ' ind2='0' tag='650'><subfield code='a'>Authorship.</subfield></datafield><datafield ind1=' ' ind2='0' tag='830'><subfield code='a'>Pensamiento crítico/pensamiento utópico ;</subfield><subfield code='v'>88.</subfield></datafield><datafield ind1=' ' ind2='0' tag='830'><subfield code='a'>Pensamiento crítico/pensamiento utópico.</subfield><subfield code='p'>Cultura y diferencia.</subfield></datafield><datafield ind1=' ' ind2=' ' tag='907'><subfield code='a'>.b17488758</subfield><subfield code='b'>p    </subfield><subfield code='c'>-</subfield></datafield><datafield ind1=' ' ind2=' ' tag='935'><subfield code='a'>00815120</subfield></datafield><datafield ind1=' ' ind2=' ' tag='945'><subfield code='l'>pstk </subfield><subfield code='g'>1</subfield></datafield><datafield ind1=' ' ind2=' ' tag='979'><subfield code='a'>ocm34246422</subfield></datafield><datafield ind1=' ' ind2=' ' tag='998'><subfield code='b'>1</subfield><subfield code='c'>990101</subfield><subfield code='d'>m</subfield><subfield code='e'>a</subfield><subfield code='f'>-</subfield><subfield code='g'>3</subfield></datafield><datafield ind1=' ' ind2=' ' tag='ADM'><subfield code='b'>2018-03-15 16:54:33</subfield><subfield code='e'>b17488758-01tuli_inst</subfield><subfield code='d'>ILS</subfield><subfield code='a'>2017-06-20 10:15:18</subfield><subfield code='c'>false</subfield></datafield><datafield ind1='0' ind2=' ' tag='HLD'><subfield code='b'>MAIN</subfield><subfield code='c'>stacks</subfield><subfield code='h'>PN151.C585 1995</subfield><subfield code='8'>22301273250003811</subfield></datafield><datafield ind1=' ' ind2=' ' tag='ITM'><subfield code='r'>22301273250003811</subfield><subfield code='b'>1</subfield><subfield code='h'>0</subfield><subfield code='g'>stacks</subfield><subfield code='t'>BOOK</subfield><subfield code='9'>39074011058864</subfield><subfield code='e'>stacks</subfield><subfield code='8'>23301273240003811</subfield><subfield code='a'>0</subfield><subfield code='q'>2017-06-20 10:15:18</subfield><subfield code='i'>PN151.C585 1995</subfield><subfield code='d'>MAIN</subfield><subfield code='f'>MAIN</subfield></datafield></record>