
<record xmlns='http://www.loc.gov/MARC21/slim'><leader>01584cam a2200421 a 4500</leader><controlfield tag='005'>20180315194527.0</controlfield><controlfield tag='008'>030211s2002    bl a     b    001 0 por  </controlfield><controlfield tag='001'>991026213739703811</controlfield><datafield ind1=' ' ind2=' ' tag='010'><subfield code='a'>2003338056</subfield></datafield><datafield ind1=' ' ind2=' ' tag='020'><subfield code='a'>8532514863</subfield></datafield><datafield ind1=' ' ind2=' ' tag='020'><subfield code='a'>9788532514868</subfield></datafield><datafield ind1=' ' ind2=' ' tag='035'><subfield code='a'>(PPT)b51126199-01tuli_inst</subfield></datafield><datafield ind1=' ' ind2=' ' tag='035'><subfield code='a'>(OCoLC)ocn781685903</subfield><subfield code='9'>ExL</subfield></datafield><datafield ind1=' ' ind2=' ' tag='035'><subfield code='a'>(OCoLC)51835274</subfield></datafield><datafield ind1=' ' ind2=' ' tag='035'><subfield code='a'>ocm51835274</subfield></datafield><datafield ind1=' ' ind2=' ' tag='035'><subfield code='a'>(OCLC)ocm51835274</subfield></datafield><datafield ind1=' ' ind2=' ' tag='040'><subfield code='a'>DLC</subfield><subfield code='c'>DLC</subfield><subfield code='d'>COO</subfield><subfield code='d'>IQU</subfield><subfield code='d'>UBA</subfield><subfield code='d'>NLGGC</subfield><subfield code='d'>GEBAY</subfield></datafield><datafield ind1=' ' ind2=' ' tag='042'><subfield code='a'>lcode</subfield></datafield><datafield ind1=' ' ind2=' ' tag='079'><subfield code='a'>ocm51835274</subfield></datafield><datafield ind1=' ' ind2=' ' tag='090'><subfield code='a'>PQ9697.L585</subfield><subfield code='b'>Z48 2002</subfield></datafield><datafield ind1='1' ind2=' ' tag='100'><subfield code='a'>Lispector, Clarice.</subfield></datafield><datafield ind1='0' ind2='0' tag='240'><subfield code='a'>Correspondence.</subfield><subfield code='k'>Selections</subfield></datafield><datafield ind1='1' ind2='0' tag='245'><subfield code='a'>Correspondências /</subfield><subfield code='c'>Clarice Lispector ; organização de Teresa Montero.</subfield></datafield><datafield ind1=' ' ind2=' ' tag='260'><subfield code='a'>Rio de Janeiro :</subfield><subfield code='b'>Rocco,</subfield><subfield code='c'>2002.</subfield></datafield><datafield ind1=' ' ind2=' ' tag='300'><subfield code='a'>331, [4] p. :</subfield><subfield code='b'>col. ill. ;</subfield><subfield code='c'>22 cm.</subfield></datafield><datafield ind1=' ' ind2=' ' tag='500'><subfield code='a'>Includes index.</subfield></datafield><datafield ind1=' ' ind2=' ' tag='504'><subfield code='a'>&quot;Obras de Clarice Lispector&quot;: p. [333].</subfield></datafield><datafield ind1='1' ind2='0' tag='600'><subfield code='a'>Lispector, Clarice</subfield><subfield code='v'>Correspondence.</subfield></datafield><datafield ind1=' ' ind2='0' tag='650'><subfield code='a'>Women authors, Brazilian</subfield><subfield code='y'>20th century</subfield><subfield code='v'>Correspondence.</subfield></datafield><datafield ind1=' ' ind2='0' tag='650'><subfield code='a'>Authors, Brazilian</subfield><subfield code='y'>20th century</subfield><subfield code='v'>Correspondence.</subfield></datafield><datafield ind1='1' ind2=' ' tag='700'><subfield code='a'>Montero, Teresa.</subfield></datafield><datafield ind1='0' ind2='8' tag='776'><subfield code='i'>Online version:</subfield><subfield code='a'>Lispector, Clarice.</subfield><subfield code='s'>Correspondence. Selections.</subfield><subfield code='t'>Correspondências.</subfield><subfield code='d'>Rio de Janeiro : Rocco, 2002</subfield><subfield code='w'>(OCoLC)606975344</subfield></datafield><datafield ind1='0' ind2='8' tag='776'><subfield code='i'>Online version:</subfield><subfield code='a'>Lispector, Clarice.</subfield><subfield code='s'>Correspondence. Selections.</subfield><subfield code='t'>Correspondências.</subfield><subfield code='d'>Rio de Janeiro : Rocco, 2002</subfield><subfield code='w'>(OCoLC)608235500</subfield></datafield><datafield ind1=' ' ind2=' ' tag='907'><subfield code='a'>.b51126199</subfield><subfield code='b'>p    </subfield><subfield code='c'>-</subfield></datafield><datafield ind1=' ' ind2=' ' tag='945'><subfield code='l'>pstk </subfield><subfield code='g'>1</subfield></datafield><datafield ind1=' ' ind2=' ' tag='979'><subfield code='a'>ocm51835274</subfield></datafield><datafield ind1=' ' ind2=' ' tag='998'><subfield code='b'>0</subfield><subfield code='c'>120314</subfield><subfield code='d'>m</subfield><subfield code='e'>a</subfield><subfield code='f'>-</subfield><subfield code='g'>0</subfield></datafield><datafield ind1=' ' ind2=' ' tag='998'><subfield code='a'>03/14/12</subfield><subfield code='s'>LC</subfield><subfield code='c'>AT</subfield></datafield><datafield ind1=' ' ind2=' ' tag='ADM'><subfield code='b'>2018-03-15 23:45:27</subfield><subfield code='e'>b51126199-01tuli_inst</subfield><subfield code='d'>ILS</subfield><subfield code='a'>2017-06-20 07:58:19</subfield><subfield code='c'>false</subfield></datafield><datafield ind1='0' ind2=' ' tag='HLD'><subfield code='b'>MAIN</subfield><subfield code='c'>stacks</subfield><subfield code='h'>PQ9697.L585</subfield><subfield code='i'>Z48 2002</subfield><subfield code='8'>22275420060003811</subfield></datafield><datafield ind1=' ' ind2=' ' tag='ITM'><subfield code='r'>22275420060003811</subfield><subfield code='b'>1</subfield><subfield code='h'>0</subfield><subfield code='g'>stacks</subfield><subfield code='t'>BOOK</subfield><subfield code='9'>39074027308212</subfield><subfield code='e'>stacks</subfield><subfield code='8'>23275420040003811</subfield><subfield code='a'>0</subfield><subfield code='q'>2017-06-20 07:58:19</subfield><subfield code='i'>PQ9697.L585 Z48 2002</subfield><subfield code='d'>MAIN</subfield><subfield code='f'>MAIN</subfield></datafield></record>