
<record xmlns='http://www.loc.gov/MARC21/slim'><leader>01698nam  2200409Ia 4500</leader><controlfield tag='001'>991036743389703811</controlfield><controlfield tag='005'>20170918190532.0</controlfield><controlfield tag='006'>m     o  d |      </controlfield><controlfield tag='007'>cr cn|||||||||</controlfield><controlfield tag='008'>040518s2005    nyu     ob   s001 0 eng d</controlfield><datafield ind1=' ' ind2=' ' tag='010'><subfield code='z'>  2004052138</subfield></datafield><datafield ind1=' ' ind2=' ' tag='020'><subfield code='a'>0-7914-8350-9</subfield></datafield><datafield ind1=' ' ind2=' ' tag='020'><subfield code='a'>1-4237-4401-2</subfield></datafield><datafield ind1=' ' ind2=' ' tag='035'><subfield code='a'>(CKB)1000000000458784</subfield></datafield><datafield ind1=' ' ind2=' ' tag='035'><subfield code='a'>(OCoLC)461441803</subfield></datafield><datafield ind1=' ' ind2=' ' tag='035'><subfield code='a'>(CaPaEBR)ebrary10579128</subfield></datafield><datafield ind1=' ' ind2=' ' tag='035'><subfield code='a'>(SSID)ssj0000192740</subfield></datafield><datafield ind1=' ' ind2=' ' tag='035'><subfield code='a'>(PQKBManifestationID)11166418</subfield></datafield><datafield ind1=' ' ind2=' ' tag='035'><subfield code='a'>(PQKBTitleCode)TC0000192740</subfield></datafield><datafield ind1=' ' ind2=' ' tag='035'><subfield code='a'>(PQKBWorkID)10197066</subfield></datafield><datafield ind1=' ' ind2=' ' tag='035'><subfield code='a'>(PQKB)10854725</subfield></datafield><datafield ind1=' ' ind2=' ' tag='035'><subfield code='a'>(MiAaPQ)EBC3407705</subfield></datafield><datafield ind1=' ' ind2=' ' tag='035'><subfield code='a'>(EXLCZ)991000000000458784</subfield></datafield><datafield ind1=' ' ind2=' ' tag='040'><subfield code='a'>MiAaPQ</subfield><subfield code='c'>MiAaPQ</subfield><subfield code='d'>MiAaPQ</subfield></datafield><datafield ind1=' ' ind2=' ' tag='041'><subfield code='a'>eng</subfield></datafield><datafield ind1=' ' ind2='4' tag='050'><subfield code='a'>PQ7081.5</subfield><subfield code='b'>.F47 2005</subfield></datafield><datafield ind1=' ' ind2=' ' tag='082'><subfield code='a'>860.9/9287/098</subfield></datafield><datafield ind1='1' ind2=' ' tag='100'><subfield code='a'>Feracho, Lesley,</subfield><subfield code='d'>1968-</subfield></datafield><datafield ind1='1' ind2='0' tag='245'><subfield code='a'>Linking the Americas</subfield><subfield code='h'>[electronic resource] :</subfield><subfield code='b'>race, hybrid discourses, and the reformulation of feminine identity /</subfield><subfield code='c'>Lesley Feracho.</subfield></datafield><datafield ind1=' ' ind2=' ' tag='260'><subfield code='a'>Albany :</subfield><subfield code='b'>State University of New York Press,</subfield><subfield code='c'>c2005.</subfield></datafield><datafield ind1=' ' ind2=' ' tag='260'><subfield code='a'>Albany :</subfield><subfield code='b'>State University of New York Press,</subfield><subfield code='c'>c2005.</subfield></datafield><datafield ind1=' ' ind2=' ' tag='300'><subfield code='a'>1 online resource (249 p.)</subfield></datafield><datafield ind1=' ' ind2=' ' tag='336'><subfield code='a'>text</subfield><subfield code='b'>txt</subfield></datafield><datafield ind1=' ' ind2=' ' tag='337'><subfield code='a'>computer</subfield><subfield code='b'>c</subfield></datafield><datafield ind1=' ' ind2=' ' tag='338'><subfield code='a'>online resource</subfield><subfield code='b'>cr</subfield></datafield><datafield ind1='1' ind2=' ' tag='490'><subfield code='a'>SUNY series in Latin American and Iberian thought and culture</subfield></datafield><datafield ind1=' ' ind2=' ' tag='500'><subfield code='a'>Bibliographic Level Mode of Issuance: Monograph</subfield></datafield><datafield ind1=' ' ind2=' ' tag='546'><subfield code='a'>English</subfield></datafield><datafield ind1=' ' ind2=' ' tag='504'><subfield code='a'>Includes bibliographical references (p. 223-230) and index.</subfield></datafield><datafield ind1=' ' ind2='0' tag='650'><subfield code='a'>Latin American literature</subfield><subfield code='x'>Women authors</subfield><subfield code='x'>History and criticism.</subfield></datafield><datafield ind1=' ' ind2='0' tag='650'><subfield code='a'>Autobiography</subfield><subfield code='x'>Women authors.</subfield></datafield><datafield ind1=' ' ind2='0' tag='650'><subfield code='a'>Women in literature.</subfield></datafield><datafield ind1=' ' ind2='0' tag='650'><subfield code='a'>Self in literature.</subfield></datafield><datafield ind1=' ' ind2='0' tag='650'><subfield code='a'>Race in literature.</subfield></datafield><datafield ind1='1' ind2='0' tag='600'><subfield code='a'>Jesus, Carolina Maria de.</subfield><subfield code='t'>Quarto de despejo.</subfield></datafield><datafield ind1='1' ind2='0' tag='600'><subfield code='a'>Campos, Julieta.</subfield><subfield code='t'>Tiene los cabellos rojizos y se llama Sabina.</subfield></datafield><datafield ind1='1' ind2='0' tag='600'><subfield code='a'>Lispector, Clarice.</subfield><subfield code='t'>Hora da estrela.</subfield></datafield><datafield ind1='1' ind2='0' tag='600'><subfield code='a'>Hurston, Zora Neale.</subfield><subfield code='t'>Dust tracks on a road.</subfield></datafield><datafield ind1=' ' ind2='0' tag='651'><subfield code='a'>America</subfield><subfield code='v'>Literatures</subfield><subfield code='x'>Women authors.</subfield></datafield><datafield ind1=' ' ind2='4' tag='655'><subfield code='a'>Electronic books.</subfield></datafield><datafield ind1=' ' ind2=' ' tag='776'><subfield code='z'>0-7914-6403-2</subfield></datafield><datafield ind1=' ' ind2='0' tag='830'><subfield code='a'>SUNY series in Latin American and Iberian thought and culture.</subfield></datafield><datafield ind1=' ' ind2=' ' tag='906'><subfield code='a'>BOOK</subfield></datafield><datafield ind1=' ' ind2=' ' tag='PRT'><subfield code='a'>53421496470003811</subfield><subfield code='b'>https://sandbox01-na.alma.exlibrisgroup.com/view/uresolver/01TULI_INST/openurl?u.ignore_date_coverage=true&amp;rft.mms_id=991036743389703811</subfield><subfield code='e'>Ebook Central</subfield><subfield code='c'>Ebook Central Academic Complete</subfield><subfield code='h'>614200000000000002</subfield><subfield code='8'>53421496470003811</subfield></datafield><datafield ind1=' ' ind2=' ' tag='PRT'><subfield code='a'>53393520750003811</subfield><subfield code='b'>https://sandbox01-na.alma.exlibrisgroup.com/view/uresolver/01TULI_INST/openurl?u.ignore_date_coverage=true&amp;rft.mms_id=991036743389703811</subfield><subfield code='e'>EBSCOhost</subfield><subfield code='c'>EBSCOhost Academic eBook Collection (North America)</subfield><subfield code='h'>613640000000000029</subfield><subfield code='8'>53393520750003811</subfield></datafield></record>