
<record xmlns='http://www.loc.gov/MARC21/slim'><leader>01588pam a2200469 a 4500</leader><controlfield tag='005'>20170826002835.0</controlfield><controlfield tag='008'>001101s2001    flua     b   s001 0 eng  </controlfield><controlfield tag='001'>991024949579703811</controlfield><datafield ind1=' ' ind2=' ' tag='010'><subfield code='a'>00053267</subfield></datafield><datafield ind1=' ' ind2=' ' tag='020'><subfield code='a'>0813018323 (alk. paper)</subfield></datafield><datafield ind1=' ' ind2=' ' tag='035'><subfield code='a'>(PPT)b24144848-01tuli_inst</subfield></datafield><datafield ind1=' ' ind2=' ' tag='035'><subfield code='a'>(DLC)ocn487004770</subfield><subfield code='9'>ExL</subfield></datafield><datafield ind1=' ' ind2=' ' tag='035'><subfield code='a'>DLC   00053267</subfield></datafield><datafield ind1=' ' ind2=' ' tag='035'><subfield code='a'>ocm45393044</subfield></datafield><datafield ind1=' ' ind2=' ' tag='035'><subfield code='a'>(OCLC)ocm45393044</subfield></datafield><datafield ind1=' ' ind2=' ' tag='040'><subfield code='a'>DLC</subfield><subfield code='c'>DLC</subfield><subfield code='d'>OrLoB</subfield></datafield><datafield ind1=' ' ind2=' ' tag='042'><subfield code='a'>pcc</subfield></datafield><datafield ind1=' ' ind2=' ' tag='043'><subfield code='a'>cl-----</subfield></datafield><datafield ind1=' ' ind2=' ' tag='079'><subfield code='a'>ocm45393044</subfield></datafield><datafield ind1=' ' ind2=' ' tag='090'><subfield code='a'>PQ7082.N7</subfield><subfield code='b'>M354 2001</subfield></datafield><datafield ind1='1' ind2=' ' tag='100'><subfield code='a'>Marting, Diane E.</subfield></datafield><datafield ind1='1' ind2='4' tag='245'><subfield code='a'>The sexual woman in Latin American literature :</subfield><subfield code='b'>dangerous desires /</subfield><subfield code='c'>Diane E. Marting.</subfield></datafield><datafield ind1=' ' ind2=' ' tag='260'><subfield code='a'>Gainesville, FL :</subfield><subfield code='b'>University Press of Florida,</subfield><subfield code='c'>c2001.</subfield></datafield><datafield ind1=' ' ind2=' ' tag='300'><subfield code='a'>xiii, 345 p. :</subfield><subfield code='b'>ill. ;</subfield><subfield code='c'>24 cm.</subfield></datafield><datafield ind1=' ' ind2=' ' tag='504'><subfield code='a'>Includes bibliographical references (p. [267]-328) and index.</subfield></datafield><datafield ind1=' ' ind2='0' tag='650'><subfield code='a'>Latin American fiction</subfield><subfield code='y'>20th century</subfield><subfield code='x'>History and criticism.</subfield></datafield><datafield ind1=' ' ind2='0' tag='650'><subfield code='a'>Women in literature.</subfield></datafield><datafield ind1=' ' ind2='0' tag='650'><subfield code='a'>Women and literature</subfield><subfield code='z'>Latin America</subfield><subfield code='x'>History</subfield><subfield code='y'>20th century.</subfield></datafield><datafield ind1=' ' ind2='0' tag='650'><subfield code='a'>Sex in literature.</subfield></datafield><datafield ind1=' ' ind2='0' tag='650'><subfield code='a'>Sex role in literature.</subfield></datafield><datafield ind1='1' ind2='0' tag='600'><subfield code='a'>Asturias, Miguel Angel</subfield><subfield code='x'>Political and social views.</subfield></datafield><datafield ind1='1' ind2='0' tag='600'><subfield code='a'>Lispector, Clarice</subfield><subfield code='x'>Political and social views.</subfield></datafield><datafield ind1='1' ind2='0' tag='600'><subfield code='a'>Vargas Llosa, Mario,</subfield><subfield code='d'>1936-</subfield><subfield code='x'>Political and social views.</subfield></datafield><datafield ind1=' ' ind2=' ' tag='901'><subfield code='a'>BNA</subfield></datafield><datafield ind1=' ' ind2=' ' tag='901'><subfield code='a'>R2231803</subfield></datafield><datafield ind1=' ' ind2=' ' tag='902'><subfield code='a'>160429</subfield></datafield><datafield ind1=' ' ind2=' ' tag='902'><subfield code='a'>010414AB0701</subfield></datafield><datafield ind1=' ' ind2=' ' tag='907'><subfield code='a'>.b24144848</subfield><subfield code='b'>p    </subfield><subfield code='c'>-</subfield></datafield><datafield ind1=' ' ind2=' ' tag='945'><subfield code='l'>pstk </subfield><subfield code='g'>1</subfield></datafield><datafield ind1=' ' ind2=' ' tag='979'><subfield code='a'>ocm45393044</subfield></datafield><datafield ind1=' ' ind2=' ' tag='998'><subfield code='b'>1</subfield><subfield code='c'>010507</subfield><subfield code='d'>m</subfield><subfield code='e'>a</subfield><subfield code='f'>-</subfield><subfield code='g'>4</subfield></datafield><datafield ind1=' ' ind2=' ' tag='998'><subfield code='b'>1</subfield><subfield code='c'>010507</subfield><subfield code='d'>m</subfield><subfield code='e'>a</subfield><subfield code='f'>-</subfield><subfield code='g'>4</subfield></datafield><datafield ind1=' ' ind2=' ' tag='ADM'><subfield code='b'>2018-03-25 09:16:07</subfield><subfield code='e'>b24144848-01tuli_inst</subfield><subfield code='d'>ILS</subfield><subfield code='a'>2017-06-20 05:55:44</subfield><subfield code='c'>false</subfield></datafield><datafield ind1='0' ind2=' ' tag='HLD'><subfield code='b'>MAIN</subfield><subfield code='c'>stacks</subfield><subfield code='h'>PQ7082.N7</subfield><subfield code='i'>M354 2001</subfield><subfield code='8'>22237889950003811</subfield></datafield><datafield ind1=' ' ind2=' ' tag='ITM'><subfield code='r'>22237889950003811</subfield><subfield code='b'>1</subfield><subfield code='h'>0</subfield><subfield code='g'>stacks</subfield><subfield code='t'>BOOK</subfield><subfield code='9'>39074014632269</subfield><subfield code='e'>stacks</subfield><subfield code='8'>23237889890003811</subfield><subfield code='a'>0</subfield><subfield code='q'>2017-06-20 05:55:44</subfield><subfield code='i'>PQ7082.N7 M354 2001</subfield><subfield code='d'>MAIN</subfield><subfield code='f'>MAIN</subfield></datafield></record>