
<record xmlns='http://www.loc.gov/MARC21/slim'><leader>03393nam  2200409 a 4500</leader><controlfield tag='001'>991036802503503811</controlfield><controlfield tag='005'>20170814165122.0</controlfield><controlfield tag='006'>m     o  d |      </controlfield><controlfield tag='007'>cr cn|||||||||</controlfield><controlfield tag='008'>110923s2011    inu     ob    001 0 eng d</controlfield><datafield ind1=' ' ind2=' ' tag='010'><subfield code='z'>  2011036982</subfield></datafield><datafield ind1=' ' ind2=' ' tag='020'><subfield code='a'>1-280-12854-2</subfield></datafield><datafield ind1=' ' ind2=' ' tag='020'><subfield code='a'>9786613532428</subfield></datafield><datafield ind1=' ' ind2=' ' tag='020'><subfield code='a'>1-61249-164-2</subfield></datafield><datafield ind1=' ' ind2=' ' tag='035'><subfield code='a'>(CKB)2670000000182788</subfield></datafield><datafield ind1=' ' ind2=' ' tag='035'><subfield code='a'>(OCoLC)787852071</subfield></datafield><datafield ind1=' ' ind2=' ' tag='035'><subfield code='a'>(CaPaEBR)ebrary10546081</subfield></datafield><datafield ind1=' ' ind2=' ' tag='035'><subfield code='a'>(SSID)ssj0000649879</subfield></datafield><datafield ind1=' ' ind2=' ' tag='035'><subfield code='a'>(PQKBManifestationID)11388934</subfield></datafield><datafield ind1=' ' ind2=' ' tag='035'><subfield code='a'>(PQKBTitleCode)TC0000649879</subfield></datafield><datafield ind1=' ' ind2=' ' tag='035'><subfield code='a'>(PQKBWorkID)10610241</subfield></datafield><datafield ind1=' ' ind2=' ' tag='035'><subfield code='a'>(PQKB)11414213</subfield></datafield><datafield ind1=' ' ind2=' ' tag='035'><subfield code='a'>(MiAaPQ)EBC3119190</subfield></datafield><datafield ind1=' ' ind2=' ' tag='035'><subfield code='a'>(EXLCZ)992670000000182788</subfield></datafield><datafield ind1=' ' ind2=' ' tag='040'><subfield code='a'>MiAaPQ</subfield><subfield code='c'>MiAaPQ</subfield><subfield code='d'>MiAaPQ</subfield></datafield><datafield ind1=' ' ind2=' ' tag='041'><subfield code='a'>eng</subfield></datafield><datafield ind1=' ' ind2='4' tag='050'><subfield code='a'>PN3448.P6</subfield><subfield code='b'>M37 2011</subfield></datafield><datafield ind1=' ' ind2=' ' tag='082'><subfield code='a'>809.3/93581</subfield></datafield><datafield ind1='1' ind2=' ' tag='100'><subfield code='a'>Marques, Irene,</subfield><subfield code='d'>1969-</subfield></datafield><datafield ind1='1' ind2='0' tag='245'><subfield code='a'>Transnational discourses on class, gender, and cultural identity</subfield><subfield code='h'>[electronic resource] /</subfield><subfield code='c'>Irene Marques.</subfield></datafield><datafield ind1=' ' ind2=' ' tag='260'><subfield code='a'>West Lafayette, Ind. :</subfield><subfield code='b'>Purdue University Press,</subfield><subfield code='c'>2011.</subfield></datafield><datafield ind1=' ' ind2=' ' tag='260'><subfield code='a'>West Lafayette, Ind. :</subfield><subfield code='b'>Purdue University Press,</subfield><subfield code='c'>2011.</subfield></datafield><datafield ind1=' ' ind2=' ' tag='300'><subfield code='a'>1 online resource (221 p.) </subfield></datafield><datafield ind1=' ' ind2=' ' tag='336'><subfield code='a'>text</subfield><subfield code='b'>txt</subfield></datafield><datafield ind1=' ' ind2=' ' tag='337'><subfield code='a'>computer</subfield><subfield code='b'>c</subfield></datafield><datafield ind1=' ' ind2=' ' tag='338'><subfield code='a'>online resource</subfield><subfield code='b'>cr</subfield></datafield><datafield ind1='1' ind2=' ' tag='490'><subfield code='a'>Comparative cultural studies</subfield></datafield><datafield ind1=' ' ind2=' ' tag='500'><subfield code='a'>Bibliographic Level Mode of Issuance: Monograph</subfield></datafield><datafield ind1=' ' ind2=' ' tag='546'><subfield code='a'>English</subfield></datafield><datafield ind1=' ' ind2=' ' tag='504'><subfield code='a'>Includes bibliographical references and index.</subfield></datafield><datafield ind1='0' ind2=' ' tag='505'><subfield code='a'>pt. 1. The bolder politics of agency -- pt. 2. The deeper politics of agency.</subfield></datafield><datafield ind1=' ' ind2=' ' tag='520'><subfield code='a'>&quot;This exploration of class, feminism, and cultural identity (including issues of race, nation, colonialism, and economic imperialism) focuses on the work of four writers: the Mozambican Mia Couto, the Portuguese José Saramago, the Brazilian Clarice Lispector, and the South African J.M. Coetzee. In the first section, the author discusses the political aspects of Couto&apos;s collection of short stories Contos do nascer da terra (Stories of the Birth of the Land) and Saramago&apos;s novel O ano da morte de Ricardo Reis (The Year of the Death of Ricardo Reis). The second section explores similar themes in Coetzee&apos;s Life and Times of Michael K and Lispector&apos;s A hora da estrela (The Hour of the Star). Marques argues that these four writers are political in the sense that they bring to the forefront issues pertaining to the power of literature to represent, misrepresent, and debate matter related to different subaltern subjects: the postcolonial subject, the poor subject (the &quot;poor other&quot;), and the female subject. She also discusses the &quot;ahuman other&quot; in the context of the subjectivity of the natural world, the dead, and the unborn, and shows how these aspects are present in all the different societies addressed and point to the mystical dimension that permeates most societies. With regard to Couto&apos;s work, this &quot;ahuman other&quot; is approached mostly through a discussion of the holistic, animist values and epistemologies that inform and guide Mozambican traditional societies, while in further analyses the notion is approached via discussions on phenomenology, elementality, and divinity following the philosophies of Lévinas and Irigaray and mystical consciousness in Zen Buddhism and the psychology of Jung&quot;--</subfield><subfield code='c'>Provided by publisher.</subfield></datafield><datafield ind1=' ' ind2='0' tag='650'><subfield code='a'>Political fiction</subfield><subfield code='x'>History and criticism.</subfield></datafield><datafield ind1=' ' ind2='0' tag='650'><subfield code='a'>Other (Philosophy) in literature.</subfield></datafield><datafield ind1=' ' ind2='0' tag='650'><subfield code='a'>Identity (Psychology) in literature.</subfield></datafield><datafield ind1=' ' ind2='0' tag='650'><subfield code='a'>Postcolonialism in literature.</subfield></datafield><datafield ind1=' ' ind2='0' tag='650'><subfield code='a'>Language and languages in literature.</subfield></datafield><datafield ind1='1' ind2='0' tag='600'><subfield code='a'>Couto, Mia,</subfield><subfield code='d'>1955-</subfield><subfield code='t'>Contos do nascer da terra.</subfield></datafield><datafield ind1='1' ind2='0' tag='600'><subfield code='a'>Saramago, José.</subfield><subfield code='t'>Ano da morte de Ricardo Reis.</subfield></datafield><datafield ind1='1' ind2='0' tag='600'><subfield code='a'>Lispector, Clarice.</subfield><subfield code='t'>Hora da estrela.</subfield></datafield><datafield ind1='1' ind2='0' tag='600'><subfield code='a'>Coetzee, J. M.,</subfield><subfield code='d'>1940-</subfield><subfield code='t'>Life &amp; times of Michael K.</subfield></datafield><datafield ind1=' ' ind2='4' tag='655'><subfield code='a'>Electronic books.</subfield></datafield><datafield ind1=' ' ind2=' ' tag='776'><subfield code='z'>1-55753-605-8</subfield></datafield><datafield ind1=' ' ind2='0' tag='830'><subfield code='a'>Comparative cultural studies.</subfield></datafield><datafield ind1=' ' ind2=' ' tag='906'><subfield code='a'>BOOK</subfield></datafield><datafield ind1=' ' ind2=' ' tag='ADM'><subfield code='b'>2017-11-17 20:42:33</subfield><subfield code='e'>992670000000182788</subfield><subfield code='d'>NON_SFX</subfield><subfield code='f'>20160803134623.0</subfield><subfield code='a'>2012-06-17 06:39:56</subfield><subfield code='c'>false</subfield></datafield><datafield ind1=' ' ind2=' ' tag='PRT'><subfield code='a'>53367053070003811</subfield><subfield code='b'>https://sandbox01-na.alma.exlibrisgroup.com/view/uresolver/01TULI_INST/openurl?u.ignore_date_coverage=true&amp;rft.mms_id=991036802503503811</subfield><subfield code='e'>Project Muse</subfield><subfield code='9'>Available</subfield><subfield code='c'>Project Muse Ebooks 2010-2012</subfield><subfield code='h'>613240000000000099</subfield><subfield code='8'>53367053070003811</subfield></datafield><datafield ind1=' ' ind2=' ' tag='PRT'><subfield code='a'>53392664710003811</subfield><subfield code='b'>https://sandbox01-na.alma.exlibrisgroup.com/view/uresolver/01TULI_INST/openurl?u.ignore_date_coverage=true&amp;rft.mms_id=991036802503503811</subfield><subfield code='e'>EBSCOhost</subfield><subfield code='9'>Available</subfield><subfield code='c'>EBSCOhost Academic eBook Collection (North America)</subfield><subfield code='h'>613640000000000029</subfield><subfield code='8'>53392664710003811</subfield></datafield></record>