
<record xmlns='http://www.loc.gov/MARC21/slim'><leader>00981nam a2200337 a 4500</leader><controlfield tag='005'>20180315120406.0</controlfield><controlfield tag='008'>970421s1995    bl            00011 por d</controlfield><controlfield tag='001'>991000395709703811</controlfield><datafield ind1=' ' ind2=' ' tag='010'><subfield code='a'>92000173</subfield></datafield><datafield ind1=' ' ind2=' ' tag='020'><subfield code='a'>8526502719</subfield></datafield><datafield ind1=' ' ind2=' ' tag='035'><subfield code='a'>(PPT)b17749669-01tuli_inst</subfield></datafield><datafield ind1=' ' ind2=' ' tag='035'><subfield code='a'>(CStRLIN)ocn478618591</subfield><subfield code='9'>ExL</subfield></datafield><datafield ind1=' ' ind2=' ' tag='035'><subfield code='a'>PATG97-B12210</subfield></datafield><datafield ind1=' ' ind2=' ' tag='035'><subfield code='a'>ocn246632894</subfield></datafield><datafield ind1=' ' ind2=' ' tag='035'><subfield code='a'>(OCLC)ocn246632894</subfield></datafield><datafield ind1=' ' ind2=' ' tag='040'><subfield code='a'>PPT</subfield><subfield code='c'>PPT</subfield></datafield><datafield ind1=' ' ind2=' ' tag='079'><subfield code='a'>ocn246632894</subfield></datafield><datafield ind1=' ' ind2=' ' tag='090'><subfield code='a'>PQ9697.L585A63 1995</subfield></datafield><datafield ind1='1' ind2=' ' tag='100'><subfield code='a'>Lispector, Clarice.</subfield></datafield><datafield ind1='1' ind2='2' tag='245'><subfield code='a'>A hora da estrela /</subfield><subfield code='c'>Clarice Lispector.</subfield></datafield><datafield ind1=' ' ind2=' ' tag='250'><subfield code='a'>23. ed.</subfield></datafield><datafield ind1=' ' ind2=' ' tag='260'><subfield code='a'>Rio de Janeiro :</subfield><subfield code='b'>Livraria Francisco Alves Editora,</subfield><subfield code='c'>1995.</subfield></datafield><datafield ind1=' ' ind2=' ' tag='300'><subfield code='a'>106 p. ;</subfield><subfield code='c'>21 cm.</subfield></datafield><datafield ind1=' ' ind2=' ' tag='907'><subfield code='a'>.b17749669</subfield><subfield code='b'>p    </subfield><subfield code='c'>-</subfield></datafield><datafield ind1=' ' ind2=' ' tag='935'><subfield code='a'>00842819</subfield></datafield><datafield ind1=' ' ind2=' ' tag='945'><subfield code='l'>pstk </subfield><subfield code='g'>1</subfield></datafield><datafield ind1=' ' ind2=' ' tag='950'><subfield code='l'>P</subfield><subfield code='i'>04/21/97 N</subfield></datafield><datafield ind1=' ' ind2=' ' tag='955'><subfield code='l'>P</subfield><subfield code='c'>0</subfield><subfield code='r'>39074010659100</subfield><subfield code='i'>04/21/97 C</subfield></datafield><datafield ind1=' ' ind2=' ' tag='979'><subfield code='a'>ocn246632894</subfield></datafield><datafield ind1=' ' ind2=' ' tag='998'><subfield code='b'>1</subfield><subfield code='c'>990101</subfield><subfield code='d'>m</subfield><subfield code='e'>a</subfield><subfield code='f'>-</subfield><subfield code='g'>2</subfield></datafield><datafield ind1=' ' ind2=' ' tag='998'><subfield code='a'>04/21/97</subfield><subfield code='t'>c</subfield><subfield code='s'>9114</subfield><subfield code='l'>PATG</subfield><subfield code='n'>PPT</subfield><subfield code='d'>04/21/97</subfield><subfield code='c'>DH</subfield><subfield code='b'>MD</subfield></datafield><datafield ind1='0' ind2=' ' tag='HLD'><subfield code='b'>MAIN</subfield><subfield code='c'>stacks</subfield><subfield code='h'>PQ9697.L585A63 1995</subfield><subfield code='8'>22253573990003811</subfield></datafield><datafield ind1=' ' ind2=' ' tag='ITM'><subfield code='b'>0</subfield><subfield code='h'>0</subfield><subfield code='g'>stacks</subfield><subfield code='9'>39074010659100</subfield><subfield code='e'>stacks</subfield><subfield code='8'>23253573980003811</subfield><subfield code='a'>0</subfield><subfield code='q'>2017-06-20 06:44:13</subfield><subfield code='i'>PQ9697.L585A63 1995</subfield><subfield code='d'>MAIN</subfield><subfield code='r'>2018-05-31 12:19:41</subfield><subfield code='f'>MAIN</subfield></datafield></record>