
<record xmlns='http://www.loc.gov/MARC21/slim'><leader>00991nam a22003250  4500</leader><controlfield tag='008'>830601s1980    bl            00011 por d</controlfield><controlfield tag='005'>20170825181948.0</controlfield><controlfield tag='001'>991011572999703811</controlfield><datafield ind1=' ' ind2=' ' tag='035'><subfield code='a'>(PPT)b12361033-01tuli_inst</subfield></datafield><datafield ind1=' ' ind2=' ' tag='035'><subfield code='a'>ocn471168231</subfield><subfield code='9'>ExL</subfield></datafield><datafield ind1=' ' ind2=' ' tag='035'><subfield code='a'>PATG83-B17398</subfield></datafield><datafield ind1=' ' ind2=' ' tag='035'><subfield code='a'>ocm08972489</subfield></datafield><datafield ind1=' ' ind2=' ' tag='035'><subfield code='a'>(OCLC)ocm08972489</subfield></datafield><datafield ind1=' ' ind2=' ' tag='040'><subfield code='a'>IaU</subfield><subfield code='c'>IaU</subfield><subfield code='d'>PPT</subfield></datafield><datafield ind1=' ' ind2=' ' tag='079'><subfield code='a'>ocm08972489</subfield></datafield><datafield ind1=' ' ind2=' ' tag='090'><subfield code='a'>PQ9697.L585A87 1980</subfield></datafield><datafield ind1='1' ind2='0' tag='100'><subfield code='a'>Lispector, Clarice.</subfield></datafield><datafield ind1='1' ind2='4' tag='245'><subfield code='a'>Uma aprendizagem, ou, O livro dos prazeres :</subfield><subfield code='b'>romance /</subfield><subfield code='c'>Clarice Lispector.</subfield></datafield><datafield ind1=' ' ind2=' ' tag='260'><subfield code='a'>Rio de Janeiro :</subfield><subfield code='b'>Nova Fronteira,</subfield><subfield code='c'>c1980.</subfield></datafield><datafield ind1=' ' ind2=' ' tag='300'><subfield code='a'>174 p. ;</subfield><subfield code='c'>21 cm.</subfield></datafield><datafield ind1='2' ind2='1' tag='740'><subfield code='a'>O livro dos prazeres.</subfield></datafield><datafield ind1=' ' ind2=' ' tag='902'><subfield code='a'>091201</subfield></datafield><datafield ind1=' ' ind2=' ' tag='907'><subfield code='a'>.b12361033</subfield><subfield code='b'>k    </subfield><subfield code='c'>-</subfield></datafield><datafield ind1=' ' ind2=' ' tag='935'><subfield code='a'>00251829</subfield></datafield><datafield ind1=' ' ind2=' ' tag='945'><subfield code='l'>kstk </subfield><subfield code='g'>1</subfield></datafield><datafield ind1=' ' ind2=' ' tag='950'><subfield code='l'>P</subfield><subfield code='i'>06/01/83 C</subfield></datafield><datafield ind1=' ' ind2=' ' tag='955'><subfield code='l'>P</subfield><subfield code='s'>1982 print.</subfield><subfield code='i'>06/01/83 C</subfield></datafield><datafield ind1=' ' ind2=' ' tag='979'><subfield code='a'>ocm08972489</subfield></datafield><datafield ind1=' ' ind2=' ' tag='998'><subfield code='b'>1</subfield><subfield code='c'>990101</subfield><subfield code='d'>m</subfield><subfield code='e'>a</subfield><subfield code='f'>-</subfield><subfield code='g'>4</subfield></datafield><datafield ind1=' ' ind2=' ' tag='998'><subfield code='a'>06/01/83</subfield><subfield code='t'>c</subfield><subfield code='s'>9114</subfield><subfield code='n'>PPT</subfield><subfield code='w'>IAUG82B574</subfield><subfield code='d'>06/01/83</subfield><subfield code='c'>ED</subfield><subfield code='b'>JF</subfield><subfield code='i'>830601</subfield><subfield code='l'>PATG</subfield></datafield><datafield ind1=' ' ind2=' ' tag='ADM'><subfield code='b'>2017-11-29 08:12:31</subfield><subfield code='e'>b12361033-01tuli_inst</subfield><subfield code='d'>ILS</subfield><subfield code='a'>2017-06-20 08:10:38</subfield><subfield code='c'>false</subfield></datafield><datafield ind1='0' ind2=' ' tag='HLD'><subfield code='b'>KARDON</subfield><subfield code='c'>p_remote</subfield><subfield code='h'>PQ9697.L585A87 1980</subfield><subfield code='8'>22278535040003811</subfield></datafield><datafield ind1=' ' ind2=' ' tag='ITM'><subfield code='r'>22278535040003811</subfield><subfield code='b'>1</subfield><subfield code='h'>0</subfield><subfield code='g'>p_remote</subfield><subfield code='t'>BOOK</subfield><subfield code='9'>39074007153810</subfield><subfield code='e'>p_remote</subfield><subfield code='8'>23278535030003811</subfield><subfield code='a'>0</subfield><subfield code='q'>2017-06-20 08:10:38</subfield><subfield code='i'>PQ9697.L585A87 1980</subfield><subfield code='d'>KARDON</subfield><subfield code='f'>KARDON</subfield></datafield></record>