
<record xmlns='http://www.loc.gov/MARC21/slim'><leader>01025nam a2200337 a 4500</leader><controlfield tag='005'>20180315185906.0</controlfield><controlfield tag='008'>950530s1965    bl            00011 por  </controlfield><controlfield tag='001'>991019837519703811</controlfield><datafield ind1=' ' ind2=' ' tag='010'><subfield code='a'>70201826</subfield></datafield><datafield ind1=' ' ind2=' ' tag='035'><subfield code='a'>(PPT)b14060310-01tuli_inst</subfield></datafield><datafield ind1=' ' ind2=' ' tag='035'><subfield code='a'>(CStRLIN)ocn471396554</subfield><subfield code='9'>ExL</subfield></datafield><datafield ind1=' ' ind2=' ' tag='035'><subfield code='a'>PATG95-B32788</subfield></datafield><datafield ind1=' ' ind2=' ' tag='035'><subfield code='a'>ocm00982364</subfield></datafield><datafield ind1=' ' ind2=' ' tag='035'><subfield code='a'>(OCLC)ocm00982364</subfield></datafield><datafield ind1=' ' ind2=' ' tag='040'><subfield code='c'>NhU</subfield><subfield code='d'>m.c.</subfield><subfield code='d'>FTaSU</subfield><subfield code='d'>CStRLIN</subfield><subfield code='d'>PPT</subfield></datafield><datafield ind1=' ' ind2=' ' tag='079'><subfield code='a'>ocm00982364</subfield></datafield><datafield ind1=' ' ind2=' ' tag='090'><subfield code='a'>PQ9697.L585L3 1965</subfield></datafield><datafield ind1='1' ind2=' ' tag='100'><subfield code='a'>Lispector, Clarice.</subfield></datafield><datafield ind1='1' ind2='0' tag='245'><subfield code='a'>Laços de família :</subfield><subfield code='b'>contos /</subfield><subfield code='c'>Clarice Lispector.</subfield></datafield><datafield ind1=' ' ind2=' ' tag='250'><subfield code='a'>3. ed.</subfield></datafield><datafield ind1=' ' ind2=' ' tag='260'><subfield code='a'>Rio de Janiero :</subfield><subfield code='b'>Editôra do Autor,</subfield><subfield code='c'>1965.</subfield></datafield><datafield ind1=' ' ind2=' ' tag='300'><subfield code='a'>133 p. ;</subfield><subfield code='c'>21 cm.</subfield></datafield><datafield ind1=' ' ind2=' ' tag='500'><subfield code='a'>&quot;Capa de Renato Vianna; rev. de Revitex.&quot;</subfield></datafield><datafield ind1=' ' ind2=' ' tag='907'><subfield code='a'>.b14060310</subfield><subfield code='b'>p    </subfield><subfield code='c'>-</subfield></datafield><datafield ind1=' ' ind2=' ' tag='935'><subfield code='a'>00436739</subfield></datafield><datafield ind1=' ' ind2=' ' tag='945'><subfield code='l'>pstk </subfield><subfield code='g'>1</subfield></datafield><datafield ind1=' ' ind2=' ' tag='950'><subfield code='l'>P</subfield><subfield code='i'>05/30/95 N</subfield></datafield><datafield ind1=' ' ind2=' ' tag='955'><subfield code='l'>P</subfield><subfield code='c'>0</subfield><subfield code='i'>05/30/95 C</subfield></datafield><datafield ind1=' ' ind2=' ' tag='979'><subfield code='a'>ocm00982364</subfield></datafield><datafield ind1=' ' ind2=' ' tag='998'><subfield code='b'>1</subfield><subfield code='c'>990101</subfield><subfield code='d'>m</subfield><subfield code='e'>a</subfield><subfield code='f'>-</subfield><subfield code='g'>0</subfield></datafield><datafield ind1=' ' ind2=' ' tag='998'><subfield code='a'>05/30/95</subfield><subfield code='t'>c</subfield><subfield code='s'>9115</subfield><subfield code='l'>PATG</subfield><subfield code='n'>PPT</subfield><subfield code='w'>CCSG91B5705</subfield><subfield code='d'>05/30/95</subfield><subfield code='b'>DH</subfield><subfield code='i'>950530</subfield></datafield><datafield ind1=' ' ind2=' ' tag='ADM'><subfield code='b'>2018-03-15 22:59:06</subfield><subfield code='e'>b14060310-01tuli_inst</subfield><subfield code='d'>ILS</subfield><subfield code='a'>2017-06-20 06:12:26</subfield><subfield code='c'>false</subfield></datafield><datafield ind1='0' ind2=' ' tag='HLD'><subfield code='b'>MAIN</subfield><subfield code='c'>stacks</subfield><subfield code='h'>PQ9697.L585L3 1965</subfield><subfield code='8'>22243138450003811</subfield></datafield><datafield ind1=' ' ind2=' ' tag='ITM'><subfield code='r'>22243138450003811</subfield><subfield code='b'>1</subfield><subfield code='h'>0</subfield><subfield code='g'>stacks</subfield><subfield code='t'>BOOK</subfield><subfield code='9'>39074002321727</subfield><subfield code='e'>stacks</subfield><subfield code='8'>23243138420003811</subfield><subfield code='a'>0</subfield><subfield code='q'>2017-06-20 06:12:26</subfield><subfield code='i'>PQ9697.L585L3 1965</subfield><subfield code='d'>MAIN</subfield><subfield code='f'>MAIN</subfield></datafield></record>