
<record xmlns='http://www.loc.gov/MARC21/slim'><leader>03965cam a22005414a 4500</leader><controlfield tag='005'>20120713123455.000000.0</controlfield><controlfield tag='006'>m        d        </controlfield><controlfield tag='007'>cr||||||||nn|n</controlfield><controlfield tag='008'>110923s2011    inu     o  d        eng d</controlfield><controlfield tag='001'>991029832809703811</controlfield><datafield ind1=' ' ind2=' ' tag='010'><subfield code='z'>2011036982</subfield></datafield><datafield ind1=' ' ind2=' ' tag='020'><subfield code='z'>9781557536051 (pbk.)</subfield></datafield><datafield ind1=' ' ind2=' ' tag='020'><subfield code='a'>9781612491646 (epdf)</subfield></datafield><datafield ind1=' ' ind2=' ' tag='020'><subfield code='a'>9781612491653 (epub)</subfield></datafield><datafield ind1=' ' ind2=' ' tag='020'><subfield code='a'>1612491642</subfield></datafield><datafield ind1=' ' ind2=' ' tag='020'><subfield code='z'>1557536058</subfield></datafield><datafield ind1=' ' ind2=' ' tag='035'><subfield code='a'>(PPT)b52315174-01tuli_inst</subfield></datafield><datafield ind1=' ' ind2=' ' tag='035'><subfield code='a'>(MdBmJHUP)muse9781612491646</subfield><subfield code='9'>ExL</subfield></datafield><datafield ind1=' ' ind2=' ' tag='040'><subfield code='a'>MdBmJHUP</subfield><subfield code='c'>MdBmJHUP</subfield></datafield><datafield ind1=' ' ind2=' ' tag='090'><subfield code='a'>PN3448.P6</subfield><subfield code='b'>M37 2011eb</subfield></datafield><datafield ind1='1' ind2=' ' tag='100'><subfield code='a'>Marques, Irene,</subfield><subfield code='d'>1969-</subfield></datafield><datafield ind1='1' ind2='0' tag='245'><subfield code='a'>Transnational discourses on class, gender, and cultural identity</subfield><subfield code='h'>[electronic resource] /</subfield><subfield code='c'>Irene Marques.</subfield></datafield><datafield ind1=' ' ind2=' ' tag='260'><subfield code='a'>West Lafayette, Ind. :</subfield><subfield code='b'>Purdue University Press,</subfield><subfield code='c'>c2011.</subfield><subfield code='e'>(Baltimore, Md. :</subfield><subfield code='f'>Project MUSE, </subfield><subfield code='g'>2012)</subfield></datafield><datafield ind1=' ' ind2=' ' tag='300'><subfield code='a'>1 online resource (xi, 208 p. )</subfield></datafield><datafield ind1=' ' ind2=' ' tag='504'><subfield code='a'>Includes bibliographical references (p. 191-201) and index.</subfield></datafield><datafield ind1=' ' ind2=' ' tag='520'><subfield code='a'>&quot;This exploration of class, feminism, and cultural identity (including issues of race, nation, colonialism, and economic imperialism) focuses on the work of four writers: the Mozambican Mia Couto, the Portuguese Jose Saramago, the Brazilian Clarice Lispector, and the South African J.M. Coetzee. In the first section, the author discusses the political aspects of Couto&apos;s collection of short stories Contos do nascer da terra (Stories of the Birth of the Land) and Saramago&apos;s novel O ano da morte de Ricardo Reis (The Year of the Death of Ricardo Reis). The second section explores similar themes in Coetzee&apos;s Life and Times of Michael K and Lispector&apos;s A hora da estrela (The Hour of the Star). Marques argues that these four writers are political in the sense that they bring to the forefront issues pertaining to the power of literature to represent, misrepresent, and debate matter related to different subaltern subjects: the postcolonial subject, the poor subject (the &quot;poor other&quot;), and the female subject. She also discusses the &quot;ahuman other&quot; in the context of the subjectivity of the natural world, the dead, and the unborn, and shows how these aspects are present in all the different societies addressed and point to the mystical dimension that permeates most societies. With regard to Couto&apos;s work, this &quot;ahuman other&quot; is approached mostly through a discussion of the holistic, animist values and epistemologies that inform and guide Mozambican traditional societies, while in further analyses the notion is approached via discussions on phenomenology, elementality, and divinity following the philosophies of Levinas and Irigaray and mystical consciousness in Zen Buddhism and the psychology of Jung&quot;--</subfield><subfield code='c'>Provided by publisher.</subfield></datafield><datafield ind1=' ' ind2=' ' tag='588'><subfield code='a'>Description based on print version record.</subfield></datafield><datafield ind1=' ' ind2=' ' tag='590'><subfield code='a'>Access is available to the Temple Community through use of a networked computer with a Temple IP address.</subfield></datafield><datafield ind1=' ' ind2='7' tag='650'><subfield code='a'>LITERARY CRITICISM / Semiotics &amp; Theory.</subfield><subfield code='2'>bisacsh</subfield></datafield><datafield ind1=' ' ind2='7' tag='650'><subfield code='a'>LITERARY CRITICISM / African.</subfield><subfield code='2'>bisacsh</subfield></datafield><datafield ind1=' ' ind2='7' tag='650'><subfield code='a'>LITERARY CRITICISM / Caribbean &amp; Latin American.</subfield><subfield code='2'>bisacsh</subfield></datafield><datafield ind1=' ' ind2='0' tag='650'><subfield code='a'>Language and languages in literature.</subfield></datafield><datafield ind1=' ' ind2='0' tag='650'><subfield code='a'>Postcolonialism in literature.</subfield></datafield><datafield ind1=' ' ind2='0' tag='650'><subfield code='a'>Identity (Psychology) in literature.</subfield></datafield><datafield ind1=' ' ind2='0' tag='650'><subfield code='a'>Other (Philosophy) in literature.</subfield></datafield><datafield ind1=' ' ind2='0' tag='650'><subfield code='a'>Political fiction</subfield><subfield code='x'>History and criticism.</subfield></datafield><datafield ind1='1' ind2='0' tag='600'><subfield code='a'>Coetzee, J. M.,</subfield><subfield code='d'>1940-</subfield><subfield code='t'>Life &amp; times of Michael K.</subfield></datafield><datafield ind1='1' ind2='0' tag='600'><subfield code='a'>Lispector, Clarice.</subfield><subfield code='t'>Hora da estrela.</subfield></datafield><datafield ind1='1' ind2='0' tag='600'><subfield code='a'>Saramago, Jose.</subfield><subfield code='t'>Ano da morte de Ricardo Reis.</subfield></datafield><datafield ind1='1' ind2='0' tag='600'><subfield code='a'>Couto, Mia,</subfield><subfield code='d'>1955-</subfield><subfield code='t'>Contos do nascer da terra.</subfield></datafield><datafield ind1=' ' ind2='0' tag='655'><subfield code='a'>Electronic books.</subfield></datafield><datafield ind1='2' ind2=' ' tag='710'><subfield code='a'>Project Muse.</subfield></datafield><datafield ind1=' ' ind2='0' tag='830'><subfield code='a'>UPCC book collections on Project MUSE.</subfield></datafield><datafield ind1='4' ind2='0' tag='856'><subfield code='z'>Full text available: </subfield><subfield code='u'>http://libproxy.temple.edu/login?url=http://muse.jhu.edu/books/9781612491646/</subfield></datafield><datafield ind1=' ' ind2=' ' tag='907'><subfield code='a'>.b52315174</subfield><subfield code='b'>w    </subfield><subfield code='c'>-</subfield></datafield><datafield ind1=' ' ind2=' ' tag='902'><subfield code='a'>120822</subfield></datafield><datafield ind1=' ' ind2=' ' tag='998'><subfield code='b'>1</subfield><subfield code='c'>120811</subfield><subfield code='d'>m</subfield><subfield code='e'>@</subfield><subfield code='f'>-</subfield><subfield code='g'>0</subfield></datafield><datafield ind1=' ' ind2=' ' tag='902'><subfield code='a'>Project MUSE - UPCC Current Complete Collection 2012-08-08</subfield></datafield><datafield ind1=' ' ind2=' ' tag='945'><subfield code='l'>w    </subfield><subfield code='g'>1</subfield></datafield><datafield ind1=' ' ind2=' ' tag='ADM'><subfield code='e'>b52315174-01tuli_inst</subfield><subfield code='d'>ILS</subfield><subfield code='a'>2017-06-20 07:00:48</subfield><subfield code='c'>false</subfield></datafield><datafield ind1=' ' ind2=' ' tag='PRT'><subfield code='a'>53378993540003811</subfield><subfield code='b'>https://sandbox01-na.alma.exlibrisgroup.com/view/uresolver/01TULI_INST/openurl?u.ignore_date_coverage=true&amp;rft.mms_id=991029832809703811</subfield><subfield code='f'>Full text available: </subfield><subfield code='9'>Available</subfield><subfield code='d'>MAIN</subfield><subfield code='c'>Project Muse eBook Collection</subfield><subfield code='8'>53378993540003811</subfield></datafield></record>