
<record xmlns='http://www.loc.gov/MARC21/slim'><leader>00944nam a22003251  4500</leader><controlfield tag='005'>20170825182257.0</controlfield><controlfield tag='008'>900926c19691944bl            00000 por u</controlfield><controlfield tag='001'>991026875419703811</controlfield><datafield ind1=' ' ind2=' ' tag='035'><subfield code='a'>(PPT)b15545581-01tuli_inst</subfield></datafield><datafield ind1=' ' ind2=' ' tag='035'><subfield code='a'>ocn471993784</subfield><subfield code='9'>ExL</subfield></datafield><datafield ind1=' ' ind2=' ' tag='035'><subfield code='a'>PATG90-B22137</subfield></datafield><datafield ind1=' ' ind2=' ' tag='035'><subfield code='a'>ocm07291439</subfield></datafield><datafield ind1=' ' ind2=' ' tag='035'><subfield code='a'>(OCLC)ocm07291439</subfield></datafield><datafield ind1=' ' ind2=' ' tag='040'><subfield code='a'>MnU</subfield><subfield code='b'>eng</subfield><subfield code='c'>CaOTULAS</subfield><subfield code='d'>PPT</subfield></datafield><datafield ind1=' ' ind2=' ' tag='079'><subfield code='a'>ocm07291439</subfield></datafield><datafield ind1=' ' ind2=' ' tag='090'><subfield code='a'>PQ9697.L585P4 1969</subfield></datafield><datafield ind1='1' ind2='0' tag='100'><subfield code='a'>Lispector, Clarice.</subfield></datafield><datafield ind1='1' ind2='0' tag='245'><subfield code='a'>Perto do coração selvagem.</subfield></datafield><datafield ind1=' ' ind2=' ' tag='250'><subfield code='a'>3. Ed.</subfield></datafield><datafield ind1=' ' ind2=' ' tag='260'><subfield code='a'>[Rio de Janeiro]</subfield><subfield code='b'>Sabia</subfield><subfield code='c'>[1969, c1944]</subfield></datafield><datafield ind1=' ' ind2=' ' tag='300'><subfield code='a'>198 p. ;</subfield><subfield code='c'>21 cm.</subfield></datafield><datafield ind1=' ' ind2=' ' tag='902'><subfield code='a'>170324</subfield></datafield><datafield ind1=' ' ind2=' ' tag='907'><subfield code='a'>.b15545581</subfield><subfield code='b'>p    </subfield><subfield code='c'>-</subfield></datafield><datafield ind1=' ' ind2=' ' tag='935'><subfield code='a'>00597496</subfield></datafield><datafield ind1=' ' ind2=' ' tag='945'><subfield code='l'>pstk </subfield><subfield code='g'>1</subfield></datafield><datafield ind1=' ' ind2=' ' tag='950'><subfield code='l'>P</subfield><subfield code='i'>09/26/90 N</subfield></datafield><datafield ind1=' ' ind2=' ' tag='955'><subfield code='l'>P</subfield><subfield code='c'>0</subfield><subfield code='r'>39074007158025</subfield><subfield code='i'>09/26/90 C</subfield></datafield><datafield ind1=' ' ind2=' ' tag='979'><subfield code='a'>ocm07291439</subfield></datafield><datafield ind1=' ' ind2=' ' tag='998'><subfield code='b'>1</subfield><subfield code='c'>990101</subfield><subfield code='d'>m</subfield><subfield code='e'>a</subfield><subfield code='f'>-</subfield><subfield code='g'>0</subfield></datafield><datafield ind1=' ' ind2=' ' tag='998'><subfield code='a'>09/26/90</subfield><subfield code='t'>c</subfield><subfield code='s'>9125</subfield><subfield code='n'>PPT</subfield><subfield code='w'>MNUGRUI123423818B</subfield><subfield code='d'>09/26/90</subfield><subfield code='b'>AT</subfield><subfield code='i'>900926</subfield><subfield code='l'>PATG</subfield></datafield><datafield ind1=' ' ind2=' ' tag='ADM'><subfield code='b'>2017-11-29 08:12:18</subfield><subfield code='e'>b15545581-01tuli_inst</subfield><subfield code='d'>ILS</subfield><subfield code='a'>2017-06-20 08:27:54</subfield><subfield code='c'>false</subfield></datafield><datafield ind1='0' ind2=' ' tag='HLD'><subfield code='b'>MAIN</subfield><subfield code='c'>stacks</subfield><subfield code='h'>PQ9697.L585P4 1969</subfield><subfield code='8'>22282348630003811</subfield></datafield><datafield ind1=' ' ind2=' ' tag='ITM'><subfield code='r'>22282348630003811</subfield><subfield code='b'>1</subfield><subfield code='h'>0</subfield><subfield code='g'>stacks</subfield><subfield code='t'>BOOK</subfield><subfield code='9'>39074007158025</subfield><subfield code='e'>stacks</subfield><subfield code='8'>23282348620003811</subfield><subfield code='a'>0</subfield><subfield code='q'>2017-06-20 08:27:54</subfield><subfield code='i'>PQ9697.L585P4 1969</subfield><subfield code='d'>MAIN</subfield><subfield code='f'>MAIN</subfield></datafield></record>