
<record xmlns='http://www.loc.gov/MARC21/slim'><leader>01250nam a22003490  4500</leader><controlfield tag='008'>750306 1973                        por c</controlfield><controlfield tag='005'>20170825213209.0</controlfield><controlfield tag='001'>991002569399703811</controlfield><datafield ind1=' ' ind2=' ' tag='010'><subfield code='a'>73221528</subfield></datafield><datafield ind1=' ' ind2=' ' tag='035'><subfield code='a'>(PPT)b10549183-01tuli_inst</subfield></datafield><datafield ind1=' ' ind2=' ' tag='035'><subfield code='a'>ocn469232872</subfield><subfield code='9'>ExL</subfield></datafield><datafield ind1=' ' ind2=' ' tag='035'><subfield code='a'>PATG01202767B</subfield></datafield><datafield ind1=' ' ind2=' ' tag='035'><subfield code='a'>ocm00892634</subfield></datafield><datafield ind1=' ' ind2=' ' tag='035'><subfield code='a'>(OCLC)ocm00892634</subfield></datafield><datafield ind1=' ' ind2=' ' tag='040'><subfield code='a'>Temple Univ Lib</subfield><subfield code='d'>CStRLIN</subfield></datafield><datafield ind1=' ' ind2=' ' tag='079'><subfield code='a'>ocm00892634</subfield></datafield><datafield ind1=' ' ind2=' ' tag='090'><subfield code='a'>PQ9697.L585I4</subfield></datafield><datafield ind1='1' ind2='0' tag='100'><subfield code='a'>Lispector, Clarice.</subfield></datafield><datafield ind1='1' ind2='2' tag='245'><subfield code='a'>A imitação da rosa.</subfield></datafield><datafield ind1=' ' ind2=' ' tag='260'><subfield code='a'>Rio [de Janeiro]</subfield><subfield code='b'>Editora Artenova</subfield><subfield code='c'>[1973]</subfield></datafield><datafield ind1=' ' ind2=' ' tag='300'><subfield code='a'>183 p.</subfield><subfield code='c'>18 cm.</subfield></datafield><datafield ind1=' ' ind2=' ' tag='500'><subfield code='a'>Short stories.</subfield></datafield><datafield ind1='0' ind2=' ' tag='505'><subfield code='a'>O ovo e a galinha.--Amor.--A imitação da rosa.--Miopia progressiva.--Come, meu filho.--Mistério em São Cristovão.--Uma galinha.--Os desastres de Sofia.--A menor mulher do mundo.--O crime do professor de matemática.--Devaneio e embriaguez duma rapariga.--A legião estrangeira.--Macacos.--Perdoando Deus.--Feliz aniversário.</subfield></datafield><datafield ind1=' ' ind2=' ' tag='902'><subfield code='a'>170324</subfield></datafield><datafield ind1=' ' ind2=' ' tag='907'><subfield code='a'>.b10549183</subfield><subfield code='b'>p    </subfield><subfield code='c'>-</subfield></datafield><datafield ind1=' ' ind2=' ' tag='935'><subfield code='a'>00058673</subfield></datafield><datafield ind1=' ' ind2=' ' tag='945'><subfield code='l'>pstk </subfield><subfield code='g'>1</subfield></datafield><datafield ind1=' ' ind2=' ' tag='950'><subfield code='l'>P</subfield><subfield code='x'>1</subfield><subfield code='i'>01/01/01 N</subfield></datafield><datafield ind1=' ' ind2=' ' tag='955'><subfield code='c'>-</subfield><subfield code='u'>a=1002482     jhs7502</subfield></datafield><datafield ind1=' ' ind2=' ' tag='979'><subfield code='a'>ocm00892634</subfield></datafield><datafield ind1=' ' ind2=' ' tag='998'><subfield code='b'>1</subfield><subfield code='c'>990101</subfield><subfield code='d'>m</subfield><subfield code='e'>a</subfield><subfield code='f'>-</subfield><subfield code='g'>2</subfield></datafield><datafield ind1=' ' ind2=' ' tag='998'><subfield code='n'>PPT</subfield><subfield code='s'>9665</subfield></datafield><datafield ind1=' ' ind2=' ' tag='ADM'><subfield code='b'>2017-11-29 08:12:50</subfield><subfield code='e'>b10549183-01tuli_inst</subfield><subfield code='d'>ILS</subfield><subfield code='a'>2017-06-20 14:14:04</subfield><subfield code='c'>false</subfield></datafield><datafield ind1='0' ind2=' ' tag='HLD'><subfield code='b'>MAIN</subfield><subfield code='c'>stacks</subfield><subfield code='h'>PQ9697.L585I4</subfield><subfield code='8'>22330217510003811</subfield></datafield><datafield ind1=' ' ind2=' ' tag='ITM'><subfield code='r'>22330217510003811</subfield><subfield code='b'>1</subfield><subfield code='h'>0</subfield><subfield code='g'>stacks</subfield><subfield code='t'>BOOK</subfield><subfield code='9'>39074027150978</subfield><subfield code='e'>stacks</subfield><subfield code='8'>23330217480003811</subfield><subfield code='a'>0</subfield><subfield code='q'>2017-06-20 14:14:04</subfield><subfield code='i'>PQ9697.L585I4</subfield><subfield code='d'>MAIN</subfield><subfield code='f'>MAIN</subfield></datafield></record>