
<record xmlns='http://www.loc.gov/MARC21/slim'><leader>01114cam a22003490  4500</leader><controlfield tag='005'>20180315122206.0</controlfield><controlfield tag='008'>860703s1986    enk           00011 eng d</controlfield><controlfield tag='001'>991017712089703811</controlfield><datafield ind1=' ' ind2=' ' tag='020'><subfield code='a'>0856356271</subfield></datafield><datafield ind1=' ' ind2=' ' tag='035'><subfield code='a'>(PPT)b13604065-01tuli_inst</subfield></datafield><datafield ind1=' ' ind2=' ' tag='035'><subfield code='a'>ocn471341917</subfield><subfield code='9'>ExL</subfield></datafield><datafield ind1=' ' ind2=' ' tag='035'><subfield code='a'>PATG86-B17585</subfield></datafield><datafield ind1=' ' ind2=' ' tag='035'><subfield code='a'>ocm16224436</subfield></datafield><datafield ind1=' ' ind2=' ' tag='035'><subfield code='a'>(OCLC)ocm16224436</subfield></datafield><datafield ind1=' ' ind2=' ' tag='040'><subfield code='a'>IaU</subfield><subfield code='c'>IaU</subfield><subfield code='d'>CSt</subfield><subfield code='d'>NAlU</subfield><subfield code='d'>PPT</subfield></datafield><datafield ind1='1' ind2=' ' tag='041'><subfield code='a'>eng</subfield><subfield code='h'>por</subfield></datafield><datafield ind1=' ' ind2=' ' tag='079'><subfield code='a'>ocm16224436</subfield></datafield><datafield ind1=' ' ind2=' ' tag='090'><subfield code='a'>PQ9697.L585L34x 1986</subfield></datafield><datafield ind1='1' ind2='0' tag='100'><subfield code='a'>Lispector, Clarice.</subfield></datafield><datafield ind1='0' ind2='0' tag='240'><subfield code='a'>Legião Estrangeira.</subfield><subfield code='l'>English</subfield></datafield><datafield ind1='1' ind2='4' tag='245'><subfield code='a'>The Foreign Legion :</subfield><subfield code='b'>stories and chronicles /</subfield><subfield code='c'>Clarice Lispector ; translated with an afterword by Giovanni Pontiero.</subfield></datafield><datafield ind1=' ' ind2=' ' tag='260'><subfield code='a'>Manchester :</subfield><subfield code='b'>Carcanet,</subfield><subfield code='c'>1986.</subfield></datafield><datafield ind1=' ' ind2=' ' tag='300'><subfield code='a'>219 p. ;</subfield><subfield code='c'>23 cm.</subfield></datafield><datafield ind1=' ' ind2=' ' tag='500'><subfield code='a'>Translation of: Legião estrangeira.</subfield></datafield><datafield ind1=' ' ind2=' ' tag='907'><subfield code='a'>.b13604065</subfield><subfield code='b'>p    </subfield><subfield code='c'>-</subfield></datafield><datafield ind1=' ' ind2=' ' tag='935'><subfield code='a'>00383005</subfield></datafield><datafield ind1=' ' ind2=' ' tag='945'><subfield code='l'>pstk </subfield><subfield code='g'>1</subfield></datafield><datafield ind1=' ' ind2=' ' tag='950'><subfield code='l'>P</subfield><subfield code='i'>10/28/86 C</subfield></datafield><datafield ind1=' ' ind2=' ' tag='955'><subfield code='l'>P</subfield><subfield code='i'>10/28/86 C</subfield></datafield><datafield ind1=' ' ind2=' ' tag='979'><subfield code='a'>ocm16224436</subfield></datafield><datafield ind1=' ' ind2=' ' tag='998'><subfield code='b'>1</subfield><subfield code='c'>990101</subfield><subfield code='d'>m</subfield><subfield code='e'>a</subfield><subfield code='f'>-</subfield><subfield code='g'>4</subfield></datafield><datafield ind1=' ' ind2=' ' tag='998'><subfield code='a'>10/28/86</subfield><subfield code='t'>b</subfield><subfield code='s'>9114</subfield><subfield code='n'>PPT</subfield><subfield code='w'>IAUG86B67261</subfield><subfield code='d'>07/03/86</subfield><subfield code='c'>TD</subfield><subfield code='b'>AT</subfield><subfield code='i'>861028</subfield><subfield code='l'>PATG</subfield></datafield><datafield ind1=' ' ind2=' ' tag='ADM'><subfield code='b'>2018-03-15 16:22:06</subfield><subfield code='e'>b13604065-01tuli_inst</subfield><subfield code='d'>ILS</subfield><subfield code='a'>2017-06-20 06:21:13</subfield><subfield code='c'>false</subfield></datafield><datafield ind1='0' ind2=' ' tag='HLD'><subfield code='b'>MAIN</subfield><subfield code='c'>stacks</subfield><subfield code='h'>PQ9697.L585L34x 1986</subfield><subfield code='8'>22246016830003811</subfield></datafield><datafield ind1=' ' ind2=' ' tag='ITM'><subfield code='r'>22246016830003811</subfield><subfield code='b'>0</subfield><subfield code='u'>LOAN</subfield><subfield code='h'>0</subfield><subfield code='g'>stacks</subfield><subfield code='t'>BOOK</subfield><subfield code='9'>39074004395208</subfield><subfield code='e'>stacks</subfield><subfield code='8'>23246016820003811</subfield><subfield code='a'>0</subfield><subfield code='q'>2017-06-20 06:21:13</subfield><subfield code='i'>PQ9697.L585L34x 1986</subfield><subfield code='d'>MAIN</subfield><subfield code='f'>MAIN</subfield></datafield></record>