
<record xmlns='http://www.loc.gov/MARC21/slim'><leader>01065cam a22003490  4500</leader><controlfield tag='005'>20180315122138.0</controlfield><controlfield tag='008'>860519s1986    enk           00 11 eng  </controlfield><controlfield tag='001'>991017382059703811</controlfield><datafield ind1=' ' ind2=' ' tag='020'><subfield code='a'>0856356263</subfield></datafield><datafield ind1=' ' ind2=' ' tag='035'><subfield code='a'>(PPT)b13538548-01tuli_inst</subfield></datafield><datafield ind1=' ' ind2=' ' tag='035'><subfield code='a'>ocn471333248</subfield><subfield code='9'>ExL</subfield></datafield><datafield ind1=' ' ind2=' ' tag='035'><subfield code='a'>PATG86-B14560</subfield></datafield><datafield ind1=' ' ind2=' ' tag='035'><subfield code='a'>ocm16757364</subfield></datafield><datafield ind1=' ' ind2=' ' tag='035'><subfield code='a'>(OCLC)ocm16757364</subfield></datafield><datafield ind1=' ' ind2=' ' tag='040'><subfield code='d'>NSbSU</subfield></datafield><datafield ind1='1' ind2=' ' tag='041'><subfield code='a'>eng</subfield><subfield code='h'>por</subfield></datafield><datafield ind1=' ' ind2=' ' tag='079'><subfield code='a'>ocm16757364</subfield></datafield><datafield ind1=' ' ind2=' ' tag='090'><subfield code='a'>PQ9697.L585H613x 1986</subfield></datafield><datafield ind1='1' ind2='0' tag='100'><subfield code='a'>Lispector, Clarice.</subfield></datafield><datafield ind1='0' ind2='0' tag='240'><subfield code='a'>Hora da estrela.</subfield><subfield code='l'>English</subfield></datafield><datafield ind1='1' ind2='4' tag='245'><subfield code='a'>The hour of the star /</subfield><subfield code='c'>Clarice Lispector ; translated with an afterword by Giovanni Pontiero.</subfield></datafield><datafield ind1=' ' ind2=' ' tag='260'><subfield code='a'>Manchester:</subfield><subfield code='b'>Caracanet,</subfield><subfield code='c'>1986.</subfield></datafield><datafield ind1=' ' ind2=' ' tag='300'><subfield code='a'>96 p. ;</subfield><subfield code='c'>23 cm.</subfield></datafield><datafield ind1=' ' ind2=' ' tag='500'><subfield code='a'>Translation of:  A hora da estrela.</subfield></datafield><datafield ind1=' ' ind2=' ' tag='907'><subfield code='a'>.b13538548</subfield><subfield code='b'>p    </subfield><subfield code='c'>-</subfield></datafield><datafield ind1=' ' ind2=' ' tag='935'><subfield code='a'>00375969</subfield></datafield><datafield ind1=' ' ind2=' ' tag='945'><subfield code='l'>pstk </subfield><subfield code='g'>1</subfield></datafield><datafield ind1=' ' ind2=' ' tag='950'><subfield code='l'>P</subfield><subfield code='i'>07/29/86 C</subfield></datafield><datafield ind1=' ' ind2=' ' tag='955'><subfield code='l'>P</subfield><subfield code='i'>07/29/86 C</subfield></datafield><datafield ind1=' ' ind2=' ' tag='979'><subfield code='a'>ocm16757364</subfield></datafield><datafield ind1=' ' ind2=' ' tag='998'><subfield code='b'>1</subfield><subfield code='c'>990101</subfield><subfield code='d'>m</subfield><subfield code='e'>a</subfield><subfield code='f'>-</subfield><subfield code='g'>4</subfield></datafield><datafield ind1=' ' ind2=' ' tag='998'><subfield code='a'>07/29/86</subfield><subfield code='t'>b</subfield><subfield code='s'>9118</subfield><subfield code='n'>PPT</subfield><subfield code='w'>NYSG86B8915</subfield><subfield code='d'>05/19/86</subfield><subfield code='c'>SS</subfield><subfield code='b'>AT</subfield><subfield code='i'>860729</subfield><subfield code='l'>PATG</subfield></datafield><datafield ind1='0' ind2=' ' tag='HLD'><subfield code='b'>MAIN</subfield><subfield code='c'>stacks</subfield><subfield code='h'>PQ9697.L585H613x 1986</subfield><subfield code='8'>22237803280003811</subfield></datafield><datafield ind1=' ' ind2=' ' tag='ITM'><subfield code='b'>0</subfield><subfield code='h'>0</subfield><subfield code='g'>stacks</subfield><subfield code='9'>39074004326187</subfield><subfield code='e'>stacks</subfield><subfield code='8'>23237803270003811</subfield><subfield code='a'>0</subfield><subfield code='q'>2017-06-20 05:52:52</subfield><subfield code='i'>PQ9697.L585H613x 1986</subfield><subfield code='d'>MAIN</subfield><subfield code='r'>2018-05-16 20:39:08</subfield><subfield code='f'>MAIN</subfield></datafield></record>