
<record xmlns='http://www.loc.gov/MARC21/slim'><leader>01224nam a2200361 a 4500</leader><controlfield tag='005'>20180315212705.0</controlfield><controlfield tag='008'>920928s1992    enk           000 0 eng d</controlfield><controlfield tag='001'>991029787559703811</controlfield><datafield ind1=' ' ind2=' ' tag='020'><subfield code='a'>0856359548 :</subfield><subfield code='c'>£18.95</subfield></datafield><datafield ind1=' ' ind2=' ' tag='035'><subfield code='a'>(PPT)b1612960x-01tuli_inst</subfield></datafield><datafield ind1=' ' ind2=' ' tag='035'><subfield code='a'>ocn476844989</subfield><subfield code='9'>ExL</subfield></datafield><datafield ind1=' ' ind2=' ' tag='035'><subfield code='a'>PATG92-B19635</subfield></datafield><datafield ind1=' ' ind2=' ' tag='035'><subfield code='a'>ocm25820972</subfield></datafield><datafield ind1=' ' ind2=' ' tag='035'><subfield code='a'>(OCLC)ocm25820972</subfield></datafield><datafield ind1=' ' ind2=' ' tag='040'><subfield code='a'>Uk/NBSCCM</subfield><subfield code='d'>DLC</subfield><subfield code='d'>CStRLIN</subfield><subfield code='d'>NN</subfield><subfield code='d'>PPT</subfield></datafield><datafield ind1='1' ind2=' ' tag='041'><subfield code='a'>eng</subfield><subfield code='h'>por</subfield></datafield><datafield ind1=' ' ind2=' ' tag='079'><subfield code='a'>ocm25820972</subfield></datafield><datafield ind1=' ' ind2=' ' tag='090'><subfield code='a'>PQ9697.L585D4713x 1992</subfield></datafield><datafield ind1='1' ind2=' ' tag='100'><subfield code='a'>Lispector, Clarice.</subfield></datafield><datafield ind1='0' ind2='0' tag='240'><subfield code='a'>Descoberta do mundo.</subfield><subfield code='l'>English</subfield></datafield><datafield ind1='1' ind2='0' tag='245'><subfield code='a'>Discovering the world /</subfield><subfield code='c'>Clarice Lispector ; [translated and introduced by Giovanni Pontiero].</subfield></datafield><datafield ind1=' ' ind2=' ' tag='260'><subfield code='a'>Manchester :</subfield><subfield code='b'>Carcanet Press,</subfield><subfield code='c'>1992.</subfield></datafield><datafield ind1=' ' ind2=' ' tag='300'><subfield code='a'>652 p. ;</subfield><subfield code='c'>23 cm.</subfield></datafield><datafield ind1=' ' ind2=' ' tag='500'><subfield code='a'>Translation of: A descoberta do mondo.</subfield></datafield><datafield ind1=' ' ind2=' ' tag='500'><subfield code='a'>Articles originally published in the Jornal do Brasil from 1967-1973.</subfield></datafield><datafield ind1=' ' ind2=' ' tag='907'><subfield code='a'>.b1612960x</subfield><subfield code='b'>p    </subfield><subfield code='c'>-</subfield></datafield><datafield ind1=' ' ind2=' ' tag='935'><subfield code='a'>00670044</subfield></datafield><datafield ind1=' ' ind2=' ' tag='945'><subfield code='l'>pstk </subfield><subfield code='g'>1</subfield></datafield><datafield ind1=' ' ind2=' ' tag='950'><subfield code='l'>P</subfield><subfield code='i'>09/28/92 N</subfield></datafield><datafield ind1=' ' ind2=' ' tag='955'><subfield code='l'>P</subfield><subfield code='c'>0</subfield><subfield code='r'>39074008715930</subfield><subfield code='i'>09/28/92 C</subfield></datafield><datafield ind1=' ' ind2=' ' tag='979'><subfield code='a'>ocm25820972</subfield></datafield><datafield ind1=' ' ind2=' ' tag='998'><subfield code='b'>1</subfield><subfield code='c'>990101</subfield><subfield code='d'>m</subfield><subfield code='e'>a</subfield><subfield code='f'>-</subfield><subfield code='g'>0</subfield></datafield><datafield ind1=' ' ind2=' ' tag='998'><subfield code='a'>09/28/92</subfield><subfield code='t'>c</subfield><subfield code='s'>9112</subfield><subfield code='n'>PPT</subfield><subfield code='w'>NYPG92B37613</subfield><subfield code='d'>09/28/92</subfield><subfield code='c'>JU</subfield><subfield code='b'>AS</subfield><subfield code='i'>920928</subfield><subfield code='l'>PATG</subfield></datafield><datafield ind1=' ' ind2=' ' tag='ADM'><subfield code='b'>2018-03-16 01:27:06</subfield><subfield code='e'>b1612960x-01tuli_inst</subfield><subfield code='d'>ILS</subfield><subfield code='a'>2017-06-20 08:33:30</subfield><subfield code='c'>false</subfield></datafield><datafield ind1='0' ind2=' ' tag='HLD'><subfield code='b'>MAIN</subfield><subfield code='c'>stacks</subfield><subfield code='h'>PQ9697.L585D4713x 1992</subfield><subfield code='8'>22283599830003811</subfield></datafield><datafield ind1=' ' ind2=' ' tag='ITM'><subfield code='r'>22283599830003811</subfield><subfield code='b'>1</subfield><subfield code='h'>0</subfield><subfield code='g'>stacks</subfield><subfield code='t'>BOOK</subfield><subfield code='9'>39074008715930</subfield><subfield code='e'>stacks</subfield><subfield code='8'>23283599820003811</subfield><subfield code='a'>0</subfield><subfield code='q'>2017-06-20 08:33:30</subfield><subfield code='i'>PQ9697.L585D4713x 1992</subfield><subfield code='d'>MAIN</subfield><subfield code='f'>MAIN</subfield></datafield></record>