
<record xmlns='http://www.loc.gov/MARC21/slim'><leader>01149nam a2200373 a 4500</leader><controlfield tag='005'>20180315123657.0</controlfield><controlfield tag='008'>900928s1988    bl a     b    00011 por d</controlfield><controlfield tag='001'>991026884239703811</controlfield><datafield ind1=' ' ind2=' ' tag='020'><subfield code='a'>8570280084</subfield></datafield><datafield ind1=' ' ind2=' ' tag='035'><subfield code='a'>(PPT)b15547437-01tuli_inst</subfield></datafield><datafield ind1=' ' ind2=' ' tag='035'><subfield code='a'>ocn471994562</subfield><subfield code='9'>ExL</subfield></datafield><datafield ind1=' ' ind2=' ' tag='035'><subfield code='a'>PATG90-B22328</subfield></datafield><datafield ind1=' ' ind2=' ' tag='035'><subfield code='a'>ocm20907293</subfield></datafield><datafield ind1=' ' ind2=' ' tag='035'><subfield code='a'>(OCLC)ocm20907293</subfield></datafield><datafield ind1=' ' ind2=' ' tag='040'><subfield code='a'>RPB</subfield><subfield code='c'>RPB</subfield><subfield code='d'>PPT</subfield></datafield><datafield ind1=' ' ind2=' ' tag='079'><subfield code='a'>ocm20907293</subfield></datafield><datafield ind1=' ' ind2=' ' tag='090'><subfield code='a'>PQ9697.L585P3x 1988</subfield></datafield><datafield ind1='1' ind2='0' tag='100'><subfield code='a'>Lispector, Clarice.</subfield></datafield><datafield ind1='1' ind2='2' tag='245'><subfield code='a'>A paixão segundo G.H. /</subfield><subfield code='c'>Clarice Lispector.</subfield></datafield><datafield ind1=' ' ind2=' ' tag='250'><subfield code='a'>Ed. crítica.</subfield></datafield><datafield ind1=' ' ind2=' ' tag='260'><subfield code='a'>Trindade, Brazil :</subfield><subfield code='b'>Editora da UFSC,</subfield><subfield code='c'>1988.</subfield></datafield><datafield ind1=' ' ind2=' ' tag='300'><subfield code='a'>xxxviii, 366 p. :</subfield><subfield code='b'>ill. ;</subfield><subfield code='c'>24 cm.</subfield></datafield><datafield ind1='1' ind2=' ' tag='490'><subfield code='a'>Coleção Arquivos ;</subfield><subfield code='v'>13</subfield></datafield><datafield ind1=' ' ind2=' ' tag='504'><subfield code='a'>Bibliography: p. 309-366.</subfield></datafield><datafield ind1='1' ind2='0' tag='700'><subfield code='a'>Nunes, Benedito,</subfield><subfield code='d'>1929-</subfield></datafield><datafield ind1='1' ind2='0' tag='830'><subfield code='a'>Colección Archivos ;</subfield><subfield code='v'>13.</subfield></datafield><datafield ind1=' ' ind2=' ' tag='907'><subfield code='a'>.b15547437</subfield><subfield code='b'>p    </subfield><subfield code='c'>-</subfield></datafield><datafield ind1=' ' ind2=' ' tag='935'><subfield code='a'>00597687</subfield></datafield><datafield ind1=' ' ind2=' ' tag='945'><subfield code='l'>pstk </subfield><subfield code='g'>1</subfield></datafield><datafield ind1=' ' ind2=' ' tag='950'><subfield code='l'>P</subfield><subfield code='i'>09/28/90 N</subfield></datafield><datafield ind1=' ' ind2=' ' tag='955'><subfield code='l'>P</subfield><subfield code='c'>0</subfield><subfield code='r'>39074007491194</subfield><subfield code='i'>09/28/90 C</subfield></datafield><datafield ind1=' ' ind2=' ' tag='979'><subfield code='a'>ocm20907293</subfield></datafield><datafield ind1=' ' ind2=' ' tag='998'><subfield code='b'>1</subfield><subfield code='c'>990101</subfield><subfield code='d'>m</subfield><subfield code='e'>a</subfield><subfield code='f'>-</subfield><subfield code='g'>2</subfield></datafield><datafield ind1=' ' ind2=' ' tag='998'><subfield code='a'>09/28/90</subfield><subfield code='t'>c</subfield><subfield code='s'>9114</subfield><subfield code='n'>PPT</subfield><subfield code='w'>RIBG89B27656</subfield><subfield code='d'>09/28/90</subfield><subfield code='c'>DH</subfield><subfield code='b'>AS</subfield><subfield code='i'>900928</subfield><subfield code='l'>PATG</subfield></datafield><datafield ind1=' ' ind2=' ' tag='ADM'><subfield code='b'>2018-03-15 16:36:57</subfield><subfield code='e'>b15547437-01tuli_inst</subfield><subfield code='d'>ILS</subfield><subfield code='a'>2017-06-20 08:07:08</subfield><subfield code='c'>false</subfield></datafield><datafield ind1='0' ind2=' ' tag='HLD'><subfield code='b'>MAIN</subfield><subfield code='c'>stacks</subfield><subfield code='h'>PQ9697.L585P3x 1988</subfield><subfield code='8'>22277719570003811</subfield></datafield><datafield ind1=' ' ind2=' ' tag='ITM'><subfield code='r'>22277719570003811</subfield><subfield code='b'>1</subfield><subfield code='h'>0</subfield><subfield code='g'>stacks</subfield><subfield code='t'>BOOK</subfield><subfield code='9'>39074007491194</subfield><subfield code='e'>stacks</subfield><subfield code='8'>23277719560003811</subfield><subfield code='a'>0</subfield><subfield code='q'>2017-06-20 08:07:08</subfield><subfield code='i'>PQ9697.L585P3x 1988</subfield><subfield code='d'>MAIN</subfield><subfield code='f'>MAIN</subfield></datafield></record>