
<record xmlns='http://www.loc.gov/MARC21/slim'><leader>01197nam a22003850  4500</leader><controlfield tag='005'>20180315122731.0</controlfield><controlfield tag='008'>891109s1988    mnu          s00010 eng  </controlfield><controlfield tag='001'>991025477969703811</controlfield><datafield ind1=' ' ind2=' ' tag='010'><subfield code='a'>88004763</subfield></datafield><datafield ind1=' ' ind2=' ' tag='020'><subfield code='a'>0816617112 :</subfield><subfield code='c'>19.95</subfield></datafield><datafield ind1=' ' ind2=' ' tag='020'><subfield code='a'>0816617120 (pbk.) :</subfield><subfield code='c'>9.95</subfield></datafield><datafield ind1=' ' ind2=' ' tag='035'><subfield code='a'>(PPT)b15265456-01tuli_inst</subfield></datafield><datafield ind1=' ' ind2=' ' tag='035'><subfield code='a'>ocn471803276</subfield><subfield code='9'>ExL</subfield></datafield><datafield ind1=' ' ind2=' ' tag='035'><subfield code='a'>PATG89-B21246</subfield></datafield><datafield ind1=' ' ind2=' ' tag='035'><subfield code='a'>ocm17621444</subfield></datafield><datafield ind1=' ' ind2=' ' tag='035'><subfield code='a'>(OCLC)ocm17621444</subfield></datafield><datafield ind1=' ' ind2=' ' tag='040'><subfield code='d'>PPT</subfield></datafield><datafield ind1='1' ind2=' ' tag='041'><subfield code='a'>engpor</subfield></datafield><datafield ind1=' ' ind2=' ' tag='079'><subfield code='a'>ocm17621444</subfield></datafield><datafield ind1=' ' ind2=' ' tag='090'><subfield code='a'>PQ9697.L585P313 1988</subfield></datafield><datafield ind1='1' ind2='0' tag='100'><subfield code='a'>Lispector, Clarice.</subfield></datafield><datafield ind1='0' ind2='0' tag='240'><subfield code='a'>Paixão segundo G.H.</subfield><subfield code='l'>English</subfield></datafield><datafield ind1='1' ind2='4' tag='245'><subfield code='a'>The passion according to G.H. /</subfield><subfield code='c'>Clarice Lispector ; translation by Ronald W. Sousa.</subfield></datafield><datafield ind1=' ' ind2=' ' tag='260'><subfield code='a'>Minneapolis :</subfield><subfield code='b'>University of Minnesota Press,</subfield><subfield code='c'>c1988.</subfield></datafield><datafield ind1=' ' ind2=' ' tag='300'><subfield code='a'>ix, 173 p. ;</subfield><subfield code='c'>22 cm.</subfield></datafield><datafield ind1=' ' ind2='0' tag='440'><subfield code='a'>Emergent literatures</subfield></datafield><datafield ind1=' ' ind2=' ' tag='500'><subfield code='a'>Translation of: A paixão segundo G.H.</subfield></datafield><datafield ind1=' ' ind2=' ' tag='907'><subfield code='a'>.b15265456</subfield><subfield code='b'>p    </subfield><subfield code='c'>-</subfield></datafield><datafield ind1=' ' ind2=' ' tag='935'><subfield code='a'>00567206</subfield></datafield><datafield ind1=' ' ind2=' ' tag='945'><subfield code='l'>pstk </subfield><subfield code='g'>1</subfield></datafield><datafield ind1=' ' ind2=' ' tag='950'><subfield code='l'>P</subfield><subfield code='i'>11/09/89 N</subfield></datafield><datafield ind1=' ' ind2=' ' tag='955'><subfield code='l'>P</subfield><subfield code='c'>0</subfield><subfield code='i'>11/09/89 C</subfield></datafield><datafield ind1=' ' ind2=' ' tag='979'><subfield code='a'>ocm17621444</subfield></datafield><datafield ind1=' ' ind2=' ' tag='998'><subfield code='b'>1</subfield><subfield code='c'>990101</subfield><subfield code='d'>m</subfield><subfield code='e'>a</subfield><subfield code='f'>-</subfield><subfield code='g'>4</subfield></datafield><datafield ind1=' ' ind2=' ' tag='998'><subfield code='a'>11/09/89</subfield><subfield code='t'>c</subfield><subfield code='s'>9110</subfield><subfield code='n'>PPT</subfield><subfield code='w'>DCLC884763B</subfield><subfield code='d'>11/09/89</subfield><subfield code='b'>RF</subfield><subfield code='i'>891109</subfield><subfield code='l'>PATG</subfield></datafield><datafield ind1=' ' ind2=' ' tag='ADM'><subfield code='b'>2018-03-15 16:27:31</subfield><subfield code='e'>b15265456-01tuli_inst</subfield><subfield code='d'>ILS</subfield><subfield code='a'>2017-06-20 08:06:35</subfield><subfield code='c'>false</subfield></datafield><datafield ind1='0' ind2=' ' tag='HLD'><subfield code='b'>MAIN</subfield><subfield code='c'>stacks</subfield><subfield code='h'>PQ9697.L585P313 1988</subfield><subfield code='8'>22277571560003811</subfield></datafield><datafield ind1=' ' ind2=' ' tag='ITM'><subfield code='r'>22277571560003811</subfield><subfield code='b'>0</subfield><subfield code='u'>LOAN</subfield><subfield code='h'>0</subfield><subfield code='g'>stacks</subfield><subfield code='t'>BOOK</subfield><subfield code='9'>39074006939201</subfield><subfield code='e'>stacks</subfield><subfield code='8'>23277571550003811</subfield><subfield code='a'>0</subfield><subfield code='q'>2017-06-20 08:06:35</subfield><subfield code='i'>PQ9697.L585P313 1988</subfield><subfield code='d'>MAIN</subfield><subfield code='f'>MAIN</subfield></datafield></record>