
<record xmlns='http://www.loc.gov/MARC21/slim'><leader>00997nam a2200289Mc 4500</leader><controlfield tag='005'>20180514095602.0</controlfield><controlfield tag='008'>180430s2013    sp            000 f spa d</controlfield><controlfield tag='001'>991036887209303811</controlfield><datafield ind1=' ' ind2=' ' tag='020'><subfield code='a'>9788415803584 (paperback)</subfield></datafield><datafield ind1=' ' ind2=' ' tag='020'><subfield code='a'>8415803583 (paperback)</subfield></datafield><datafield ind1=' ' ind2=' ' tag='035'><subfield code='a'>(OCoLC)1035455306</subfield></datafield><datafield ind1=' ' ind2=' ' tag='040'><subfield code='a'>PPT</subfield><subfield code='b'>eng</subfield><subfield code='e'>rda</subfield><subfield code='c'>PPT</subfield></datafield><datafield ind1='1' ind2=' ' tag='041'><subfield code='a'>spa</subfield><subfield code='h'>por</subfield></datafield><datafield ind1=' ' ind2='4' tag='050'><subfield code='a'>PQ9697.L585</subfield><subfield code='b'>P3418 2013</subfield></datafield><datafield ind1='1' ind2=' ' tag='100'><subfield code='a'>Lispector, Clarice.</subfield></datafield><datafield ind1='1' ind2='2' tag='240'><subfield code='a'>A paixão segundo G.H.</subfield><subfield code='l'>Spanish.</subfield></datafield><datafield ind1='1' ind2='3' tag='245'><subfield code='a'>La pasión según G.H. /</subfield><subfield code='c'>Clarice Lispector ; traducción del portugués de Alberto Villalba.</subfield></datafield><datafield ind1=' ' ind2='1' tag='264'><subfield code='a'>Madrid :</subfield><subfield code='b'>Siruela,</subfield><subfield code='c'>2013</subfield></datafield><datafield ind1=' ' ind2=' ' tag='300'><subfield code='a'>154 pages ;</subfield><subfield code='c'>22 cm.</subfield></datafield><datafield ind1=' ' ind2=' ' tag='336'><subfield code='a'>text</subfield><subfield code='b'>txt</subfield><subfield code='2'>rdacontent</subfield></datafield><datafield ind1=' ' ind2=' ' tag='337'><subfield code='a'>unmediated</subfield><subfield code='b'>n</subfield><subfield code='2'>rdamedia</subfield></datafield><datafield ind1=' ' ind2=' ' tag='338'><subfield code='a'>volume</subfield><subfield code='b'>nc</subfield><subfield code='2'>rdacarrier</subfield></datafield><datafield ind1='0' ind2=' ' tag='490'><subfield code='a'>Biblioteca Clarice Lispector ;</subfield><subfield code='v'>1</subfield></datafield><datafield ind1=' ' ind2=' ' tag='500'><subfield code='a'>Novel.</subfield></datafield><datafield ind1='1' ind2=' ' tag='700'><subfield code='a'>Villalba, Alberto,</subfield><subfield code='e'>translator.</subfield></datafield><datafield ind1=' ' ind2=' ' tag='979'><subfield code='a'>(OCoLC)1035455306</subfield></datafield><datafield ind1=' ' ind2=' ' tag='997'><subfield code='a'>20180430095814.0</subfield><subfield code='c'>CEP</subfield><subfield code='d'>TEU</subfield><subfield code='s'>ORIG</subfield><subfield code='e'>MARCIVE</subfield><subfield code='e'>WCAT</subfield></datafield><datafield ind1='0' ind2=' ' tag='HLD'><subfield code='b'>MAIN</subfield><subfield code='c'>stacks</subfield><subfield code='h'>PQ9697.L585</subfield><subfield code='i'>P3418 2013</subfield><subfield code='8'>22414869850003811</subfield></datafield><datafield ind1=' ' ind2=' ' tag='ITM'><subfield code='b'>0</subfield><subfield code='h'>0</subfield><subfield code='g'>stacks</subfield><subfield code='9'>39074025863390</subfield><subfield code='e'>stacks</subfield><subfield code='8'>23414869840003811</subfield><subfield code='a'>0</subfield><subfield code='q'>2018-03-14 14:34:28</subfield><subfield code='i'>PQ9697.L585 P3418 2013</subfield><subfield code='d'>MAIN</subfield><subfield code='r'>2018-05-23 00:52:17</subfield><subfield code='f'>MAIN</subfield></datafield></record>