
<record xmlns='http://www.loc.gov/MARC21/slim'><leader>01375cam a2200433 a 4500</leader><controlfield tag='005'>20180315194038.0</controlfield><controlfield tag='008'>891212s1989    mnu          s00011 eng  </controlfield><controlfield tag='001'>991025587679703811</controlfield><datafield ind1=' ' ind2=' ' tag='010'><subfield code='a'>89004748</subfield></datafield><datafield ind1=' ' ind2=' ' tag='020'><subfield code='a'>0816617813 :</subfield><subfield code='c'>19.95</subfield></datafield><datafield ind1=' ' ind2=' ' tag='020'><subfield code='a'>0816617821 (pbk.) :</subfield><subfield code='c'>9.95</subfield></datafield><datafield ind1=' ' ind2=' ' tag='035'><subfield code='a'>(PPT)b15287907-01tuli_inst</subfield></datafield><datafield ind1=' ' ind2=' ' tag='035'><subfield code='a'>(CStRLIN)ocn471819229</subfield><subfield code='9'>ExL</subfield></datafield><datafield ind1=' ' ind2=' ' tag='035'><subfield code='a'>PATG89-B23318</subfield></datafield><datafield ind1=' ' ind2=' ' tag='035'><subfield code='a'>ocm19323739</subfield></datafield><datafield ind1=' ' ind2=' ' tag='035'><subfield code='a'>(OCLC)ocm19323739</subfield></datafield><datafield ind1=' ' ind2=' ' tag='040'><subfield code='d'>PPT</subfield></datafield><datafield ind1='1' ind2=' ' tag='041'><subfield code='a'>engpor</subfield></datafield><datafield ind1=' ' ind2=' ' tag='079'><subfield code='a'>ocm19323739</subfield></datafield><datafield ind1=' ' ind2=' ' tag='090'><subfield code='a'>PQ9697.L585A7813 1989</subfield></datafield><datafield ind1='1' ind2=' ' tag='100'><subfield code='a'>Lispector, Clarice.</subfield></datafield><datafield ind1='0' ind2='0' tag='240'><subfield code='a'>Agua viva.</subfield><subfield code='l'>English</subfield></datafield><datafield ind1='1' ind2='4' tag='245'><subfield code='a'>The stream of life /</subfield><subfield code='c'>Clarice Lispector ; translated by Elizabeth Lowe and Earl Fitz ; foreword by Hélène Cixous.</subfield></datafield><datafield ind1=' ' ind2=' ' tag='260'><subfield code='a'>Minneapolis :</subfield><subfield code='b'>University of Minnesota Press,</subfield><subfield code='c'>c1989.</subfield></datafield><datafield ind1=' ' ind2=' ' tag='300'><subfield code='a'>xxxv, 79 p. ;</subfield><subfield code='c'>22 cm.</subfield></datafield><datafield ind1=' ' ind2='0' tag='440'><subfield code='a'>Emergent literatures</subfield></datafield><datafield ind1=' ' ind2=' ' tag='500'><subfield code='a'>Translation of: Agua viva.</subfield></datafield><datafield ind1=' ' ind2=' ' tag='907'><subfield code='a'>.b15287907</subfield><subfield code='b'>multi</subfield><subfield code='c'>-</subfield></datafield><datafield ind1=' ' ind2=' ' tag='915'><subfield code='a'>55282</subfield></datafield><datafield ind1=' ' ind2=' ' tag='935'><subfield code='a'>00569521</subfield></datafield><datafield ind1=' ' ind2=' ' tag='945'><subfield code='l'>jtcas</subfield><subfield code='g'>1</subfield></datafield><datafield ind1=' ' ind2=' ' tag='945'><subfield code='l'>kstk </subfield><subfield code='g'>1</subfield></datafield><datafield ind1=' ' ind2=' ' tag='950'><subfield code='l'>P</subfield><subfield code='i'>04/13/95 N</subfield><subfield code='h'>12/12/89 N</subfield></datafield><datafield ind1=' ' ind2=' ' tag='950'><subfield code='l'>TYL</subfield><subfield code='i'>04/13/95 N  855:sl</subfield></datafield><datafield ind1=' ' ind2=' ' tag='955'><subfield code='l'>P</subfield><subfield code='c'>0</subfield><subfield code='h'>12/12/89 C</subfield></datafield><datafield ind1=' ' ind2=' ' tag='955'><subfield code='l'>TYL</subfield><subfield code='c'>0</subfield><subfield code='r'>39074010455582</subfield><subfield code='i'>04/13/95 C</subfield></datafield><datafield ind1=' ' ind2=' ' tag='979'><subfield code='a'>ocm19323739</subfield></datafield><datafield ind1=' ' ind2=' ' tag='998'><subfield code='b'>2</subfield><subfield code='c'>990101</subfield><subfield code='d'>m</subfield><subfield code='e'>a</subfield><subfield code='f'>-</subfield><subfield code='g'>4</subfield></datafield><datafield ind1=' ' ind2=' ' tag='998'><subfield code='a'>04/13/95</subfield><subfield code='t'>c</subfield><subfield code='s'>9110</subfield><subfield code='l'>PATG</subfield><subfield code='n'>PPT</subfield><subfield code='w'>DCLC894748B</subfield><subfield code='d'>12/12/89</subfield><subfield code='b'>SN</subfield><subfield code='i'>950413</subfield><subfield code='h'>891212</subfield></datafield><datafield ind1='0' ind2=' ' tag='HLD'><subfield code='b'>JAPAN</subfield><subfield code='c'>stacks</subfield><subfield code='h'>PQ9697.L585A7813 1989</subfield><subfield code='8'>22326123780003811</subfield></datafield><datafield ind1='0' ind2=' ' tag='HLD'><subfield code='b'>KARDON</subfield><subfield code='c'>p_remote</subfield><subfield code='h'>PQ9697.L585A7813 1989</subfield><subfield code='8'>22326123760003811</subfield></datafield><datafield ind1=' ' ind2=' ' tag='ITM'><subfield code='b'>1</subfield><subfield code='h'>0</subfield><subfield code='g'>stacks</subfield><subfield code='9'>31982060217678</subfield><subfield code='e'>stacks</subfield><subfield code='8'>23326123770003811</subfield><subfield code='a'>0</subfield><subfield code='q'>2017-06-20 13:36:37</subfield><subfield code='i'>PQ9697.L585A7813 1989</subfield><subfield code='d'>JAPAN</subfield><subfield code='r'>2017-06-20 13:37:13</subfield><subfield code='f'>JAPAN</subfield></datafield><datafield ind1=' ' ind2=' ' tag='ITM'><subfield code='b'>1</subfield><subfield code='h'>0</subfield><subfield code='g'>p_remote</subfield><subfield code='9'>39074010455582</subfield><subfield code='e'>p_remote</subfield><subfield code='8'>23326123750003811</subfield><subfield code='a'>0</subfield><subfield code='q'>2017-06-20 13:36:37</subfield><subfield code='i'>PQ9697.L585A7813 1989</subfield><subfield code='d'>KARDON</subfield><subfield code='r'>2018-04-18 19:28:58</subfield><subfield code='f'>KARDON</subfield></datafield></record>