
<record xmlns='http://www.loc.gov/MARC21/slim'><leader>01284cam a2200361Ia 4500</leader><controlfield tag='005'>20180315194527.0</controlfield><controlfield tag='008'>070209s2006    bl a          000 0dpor c</controlfield><controlfield tag='001'>991026213809703811</controlfield><datafield ind1=' ' ind2=' ' tag='010'><subfield code='a'>2007334817</subfield></datafield><datafield ind1=' ' ind2=' ' tag='020'><subfield code='a'>8532520456</subfield></datafield><datafield ind1=' ' ind2=' ' tag='020'><subfield code='a'>9788532520456</subfield></datafield><datafield ind1=' ' ind2=' ' tag='035'><subfield code='a'>(PPT)b51126230-01tuli_inst</subfield></datafield><datafield ind1=' ' ind2=' ' tag='035'><subfield code='a'>(OCoLC)ocn781685909</subfield><subfield code='9'>ExL</subfield></datafield><datafield ind1=' ' ind2=' ' tag='035'><subfield code='a'>(OCoLC)82553400</subfield></datafield><datafield ind1=' ' ind2=' ' tag='035'><subfield code='a'>ocm82553400</subfield></datafield><datafield ind1=' ' ind2=' ' tag='035'><subfield code='a'>(OCLC)ocm82553400</subfield></datafield><datafield ind1=' ' ind2=' ' tag='040'><subfield code='a'>AZU</subfield><subfield code='c'>AZU</subfield><subfield code='d'>AZU</subfield><subfield code='d'>PIT</subfield><subfield code='d'>UBA</subfield><subfield code='d'>DLC</subfield><subfield code='d'>BLBSF</subfield></datafield><datafield ind1=' ' ind2='4' tag='050'><subfield code='a'>PQ9697.L585</subfield><subfield code='b'>C67 2006</subfield></datafield><datafield ind1=' ' ind2=' ' tag='079'><subfield code='a'>ocm82553400</subfield></datafield><datafield ind1=' ' ind2=' ' tag='090'><subfield code='a'>HQ1542</subfield><subfield code='b'>.L57 2006</subfield></datafield><datafield ind1='1' ind2=' ' tag='100'><subfield code='a'>Lispector, Clarice.</subfield></datafield><datafield ind1='1' ind2='0' tag='245'><subfield code='a'>Correio feminino /</subfield><subfield code='c'>Clarice Lispector ; organização Aparecida Maria Nunes.</subfield></datafield><datafield ind1=' ' ind2=' ' tag='260'><subfield code='a'>Rio de Janeiro :</subfield><subfield code='b'>Rocco,</subfield><subfield code='c'>2006.</subfield></datafield><datafield ind1=' ' ind2=' ' tag='300'><subfield code='a'>158 p. :</subfield><subfield code='b'>ill. ;</subfield><subfield code='c'>28 cm.</subfield></datafield><datafield ind1=' ' ind2=' ' tag='500'><subfield code='a'>Articles previously published in the newspapers Comício, Correio da manhã, Diário da noite and Mais between 1952 and 1977.</subfield></datafield><datafield ind1=' ' ind2='0' tag='650'><subfield code='a'>Women</subfield><subfield code='z'>Brazil</subfield><subfield code='x'>Social conditions.</subfield></datafield><datafield ind1='1' ind2=' ' tag='700'><subfield code='a'>Nunes, Aparecida Maria.</subfield></datafield><datafield ind1='0' ind2='8' tag='776'><subfield code='i'>Online version:</subfield><subfield code='a'>Lispector, Clarice.</subfield><subfield code='t'>Correio feminino.</subfield><subfield code='d'>Rio de Janeiro : Rocco, 2006</subfield><subfield code='w'>(OCoLC)630949163</subfield></datafield><datafield ind1=' ' ind2=' ' tag='907'><subfield code='a'>.b51126230</subfield><subfield code='b'>p    </subfield><subfield code='c'>-</subfield></datafield><datafield ind1=' ' ind2=' ' tag='945'><subfield code='l'>pstk </subfield><subfield code='g'>1</subfield></datafield><datafield ind1=' ' ind2=' ' tag='979'><subfield code='a'>ocm82553400</subfield></datafield><datafield ind1=' ' ind2=' ' tag='998'><subfield code='b'>0</subfield><subfield code='c'>120314</subfield><subfield code='d'>m</subfield><subfield code='e'>a</subfield><subfield code='f'>-</subfield><subfield code='g'>0</subfield></datafield><datafield ind1=' ' ind2=' ' tag='998'><subfield code='a'>03/14/12</subfield><subfield code='s'>LC</subfield><subfield code='c'>AT</subfield></datafield><datafield ind1=' ' ind2=' ' tag='ADM'><subfield code='b'>2018-03-15 23:45:27</subfield><subfield code='e'>b51126230-01tuli_inst</subfield><subfield code='d'>ILS</subfield><subfield code='a'>2017-06-20 07:58:17</subfield><subfield code='c'>false</subfield></datafield><datafield ind1='0' ind2=' ' tag='HLD'><subfield code='b'>MAIN</subfield><subfield code='c'>stacks</subfield><subfield code='h'>HQ1542</subfield><subfield code='i'>.L57 2006</subfield><subfield code='8'>22275426850003811</subfield></datafield><datafield ind1=' ' ind2=' ' tag='ITM'><subfield code='r'>22275426850003811</subfield><subfield code='b'>1</subfield><subfield code='h'>0</subfield><subfield code='g'>stacks</subfield><subfield code='t'>BOOK</subfield><subfield code='9'>39074027308196</subfield><subfield code='e'>stacks</subfield><subfield code='8'>23275426840003811</subfield><subfield code='a'>0</subfield><subfield code='q'>2017-06-20 07:58:17</subfield><subfield code='i'>HQ1542 .L57 2006</subfield><subfield code='d'>MAIN</subfield><subfield code='f'>MAIN</subfield></datafield></record>