
<record xmlns='http://www.loc.gov/MARC21/slim'><leader>01250nam a2200349 a 4500</leader><controlfield tag='005'>20180315194527.0</controlfield><controlfield tag='008'>081209s2006    bl a          000 0 por  </controlfield><controlfield tag='001'>991026213769703811</controlfield><datafield ind1=' ' ind2=' ' tag='010'><subfield code='a'>2008341080</subfield></datafield><datafield ind1=' ' ind2=' ' tag='020'><subfield code='a'>9788532523457</subfield></datafield><datafield ind1=' ' ind2=' ' tag='020'><subfield code='a'>8532523455</subfield></datafield><datafield ind1=' ' ind2=' ' tag='035'><subfield code='a'>(PPT)b51126229-01tuli_inst</subfield></datafield><datafield ind1=' ' ind2=' ' tag='035'><subfield code='a'>(OCoLC)ocn781685907</subfield><subfield code='9'>ExL</subfield></datafield><datafield ind1=' ' ind2=' ' tag='035'><subfield code='a'>(OCoLC)310096262</subfield></datafield><datafield ind1=' ' ind2=' ' tag='035'><subfield code='a'>ocn310096262</subfield></datafield><datafield ind1=' ' ind2=' ' tag='035'><subfield code='a'>(OCLC)ocn310096262</subfield></datafield><datafield ind1=' ' ind2=' ' tag='040'><subfield code='a'>DLC</subfield><subfield code='c'>DLC</subfield></datafield><datafield ind1=' ' ind2=' ' tag='042'><subfield code='a'>lcode</subfield></datafield><datafield ind1=' ' ind2=' ' tag='079'><subfield code='a'>ocn310096262</subfield></datafield><datafield ind1=' ' ind2=' ' tag='090'><subfield code='a'>HQ1227</subfield><subfield code='b'>.L57 2006</subfield></datafield><datafield ind1='1' ind2=' ' tag='100'><subfield code='a'>Lispector, Clarice.</subfield></datafield><datafield ind1='1' ind2='0' tag='245'><subfield code='a'>Só para mulheres :</subfield><subfield code='b'>conselhos, receitas e segredos /</subfield><subfield code='c'>Clarice Lispector ; organização, Aparecida Maria Nunes.</subfield></datafield><datafield ind1=' ' ind2=' ' tag='260'><subfield code='a'>Rio de Janeiro, RJ :</subfield><subfield code='b'>Rocco,</subfield><subfield code='c'>c2006.</subfield></datafield><datafield ind1=' ' ind2=' ' tag='300'><subfield code='a'>158 p. :</subfield><subfield code='b'>ill. ;</subfield><subfield code='c'>28 cm.</subfield></datafield><datafield ind1=' ' ind2=' ' tag='500'><subfield code='a'>A collection of columns previously published in the Brazilian newspapers Diário da noite, Correio da manhã, and Comício under the pseudonyms of Ilka Soares, Helen Palmer, and Tereza Quadros between 1952 and 1961.</subfield></datafield><datafield ind1=' ' ind2='0' tag='650'><subfield code='a'>Women</subfield><subfield code='v'>Life skills guides.</subfield></datafield><datafield ind1='1' ind2=' ' tag='700'><subfield code='a'>Nunes, Aparecida Maria.</subfield></datafield><datafield ind1=' ' ind2=' ' tag='907'><subfield code='a'>.b51126229</subfield><subfield code='b'>p    </subfield><subfield code='c'>-</subfield></datafield><datafield ind1=' ' ind2=' ' tag='945'><subfield code='l'>pstk </subfield><subfield code='g'>1</subfield></datafield><datafield ind1=' ' ind2=' ' tag='979'><subfield code='a'>ocn310096262</subfield></datafield><datafield ind1=' ' ind2=' ' tag='998'><subfield code='b'>0</subfield><subfield code='c'>120314</subfield><subfield code='d'>m</subfield><subfield code='e'>a</subfield><subfield code='f'>-</subfield><subfield code='g'>0</subfield></datafield><datafield ind1=' ' ind2=' ' tag='998'><subfield code='a'>03/14/12</subfield><subfield code='s'>LC</subfield><subfield code='c'>AT</subfield></datafield><datafield ind1=' ' ind2=' ' tag='ADM'><subfield code='b'>2018-03-15 23:45:27</subfield><subfield code='e'>b51126229-01tuli_inst</subfield><subfield code='d'>ILS</subfield><subfield code='a'>2017-06-20 07:58:18</subfield><subfield code='c'>false</subfield></datafield><datafield ind1='0' ind2=' ' tag='HLD'><subfield code='b'>MAIN</subfield><subfield code='c'>stacks</subfield><subfield code='h'>HQ1227</subfield><subfield code='i'>.L57 2006</subfield><subfield code='8'>22275426150003811</subfield></datafield><datafield ind1=' ' ind2=' ' tag='ITM'><subfield code='r'>22275426150003811</subfield><subfield code='b'>1</subfield><subfield code='h'>0</subfield><subfield code='g'>stacks</subfield><subfield code='t'>BOOK</subfield><subfield code='9'>39074027308204</subfield><subfield code='e'>stacks</subfield><subfield code='8'>23275426140003811</subfield><subfield code='a'>0</subfield><subfield code='q'>2017-06-20 07:58:18</subfield><subfield code='i'>HQ1227 .L57 2006</subfield><subfield code='d'>MAIN</subfield><subfield code='f'>MAIN</subfield></datafield></record>