
<record xmlns='http://www.loc.gov/MARC21/slim'><leader>01322nam a22004338  4500</leader><controlfield tag='008'>861003s1986    txu          s00011 eng  </controlfield><controlfield tag='005'>20170826033307.0</controlfield><controlfield tag='001'>991017647669703811</controlfield><datafield ind1=' ' ind2=' ' tag='010'><subfield code='a'>86001343</subfield></datafield><datafield ind1=' ' ind2=' ' tag='020'><subfield code='a'>0292790309</subfield></datafield><datafield ind1=' ' ind2=' ' tag='020'><subfield code='a'>0292790317 (pbk.)</subfield></datafield><datafield ind1=' ' ind2=' ' tag='035'><subfield code='a'>(PPT)b13591150-01tuli_inst</subfield></datafield><datafield ind1=' ' ind2=' ' tag='035'><subfield code='a'>ocn471339608</subfield><subfield code='9'>ExL</subfield></datafield><datafield ind1=' ' ind2=' ' tag='035'><subfield code='a'>PATG86-B24050</subfield></datafield><datafield ind1=' ' ind2=' ' tag='035'><subfield code='a'>ocm13126468</subfield></datafield><datafield ind1=' ' ind2=' ' tag='035'><subfield code='a'>(OCLC)ocm13126468</subfield></datafield><datafield ind1=' ' ind2=' ' tag='040'><subfield code='d'>CStRLIN</subfield><subfield code='d'>CU-A</subfield><subfield code='d'>PPT</subfield></datafield><datafield ind1='1' ind2=' ' tag='041'><subfield code='a'>engpor</subfield></datafield><datafield ind1=' ' ind2=' ' tag='079'><subfield code='a'>ocm13126468</subfield></datafield><datafield ind1=' ' ind2=' ' tag='090'><subfield code='a'>PQ9697.L585A8713 1986</subfield></datafield><datafield ind1='1' ind2='0' tag='100'><subfield code='a'>Lispector, Clarice.</subfield></datafield><datafield ind1='0' ind2='0' tag='240'><subfield code='a'>Aprendizagem.</subfield><subfield code='l'>English</subfield></datafield><datafield ind1='1' ind2='3' tag='245'><subfield code='a'>An apprenticeship, or, The book of delights /</subfield><subfield code='c'>by Clarice Lispector ; translated by Richard A. Mazzara and Lorri A. Parris.</subfield></datafield><datafield ind1=' ' ind2=' ' tag='250'><subfield code='a'>1st ed.</subfield></datafield><datafield ind1=' ' ind2=' ' tag='260'><subfield code='a'>Austin :</subfield><subfield code='b'>University of Texas Press,</subfield><subfield code='c'>1986.</subfield></datafield><datafield ind1=' ' ind2=' ' tag='263'><subfield code='a'>8608</subfield></datafield><datafield ind1=' ' ind2=' ' tag='300'><subfield code='a'>ix, 126 p. ;</subfield><subfield code='c'>24 cm.</subfield></datafield><datafield ind1='0' ind2=' ' tag='490'><subfield code='a'>The Texas Pan American series</subfield></datafield><datafield ind1=' ' ind2=' ' tag='500'><subfield code='a'>Translation of: Uma aprendizagem.</subfield></datafield><datafield ind1='0' ind2='1' tag='740'><subfield code='a'>Book of delights.</subfield></datafield><datafield ind1=' ' ind2=' ' tag='902'><subfield code='a'>141017</subfield></datafield><datafield ind1=' ' ind2=' ' tag='907'><subfield code='a'>.b13591150</subfield><subfield code='b'>p    </subfield><subfield code='c'>-</subfield></datafield><datafield ind1=' ' ind2=' ' tag='935'><subfield code='a'>00381687</subfield></datafield><datafield ind1=' ' ind2=' ' tag='945'><subfield code='l'>pstk </subfield><subfield code='g'>1</subfield></datafield><datafield ind1=' ' ind2=' ' tag='950'><subfield code='l'>P</subfield><subfield code='i'>10/03/86 C</subfield></datafield><datafield ind1=' ' ind2=' ' tag='955'><subfield code='l'>P</subfield><subfield code='i'>10/03/86 C</subfield></datafield><datafield ind1=' ' ind2=' ' tag='979'><subfield code='a'>ocm13126468</subfield></datafield><datafield ind1=' ' ind2=' ' tag='998'><subfield code='b'>1</subfield><subfield code='c'>990101</subfield><subfield code='d'>m</subfield><subfield code='e'>a</subfield><subfield code='f'>-</subfield><subfield code='g'>3</subfield></datafield><datafield ind1=' ' ind2=' ' tag='998'><subfield code='a'>10/03/86</subfield><subfield code='t'>c</subfield><subfield code='s'>9110</subfield><subfield code='n'>PPT</subfield><subfield code='w'>CUDG86B24687</subfield><subfield code='d'>10/03/86</subfield><subfield code='b'>DH</subfield><subfield code='i'>861003</subfield><subfield code='l'>PATG</subfield></datafield><datafield ind1=' ' ind2=' ' tag='ADM'><subfield code='b'>2017-11-29 08:14:58</subfield><subfield code='e'>b13591150-01tuli_inst</subfield><subfield code='d'>ILS</subfield><subfield code='a'>2017-06-20 09:03:48</subfield><subfield code='c'>false</subfield></datafield><datafield ind1='0' ind2=' ' tag='HLD'><subfield code='b'>MAIN</subfield><subfield code='c'>stacks</subfield><subfield code='h'>PQ9697.L585A8713 1986</subfield><subfield code='8'>22290291590003811</subfield></datafield><datafield ind1=' ' ind2=' ' tag='ITM'><subfield code='r'>22290291590003811</subfield><subfield code='b'>1</subfield><subfield code='h'>0</subfield><subfield code='g'>stacks</subfield><subfield code='t'>BOOK</subfield><subfield code='9'>39074004377362</subfield><subfield code='e'>stacks</subfield><subfield code='8'>23290291580003811</subfield><subfield code='a'>0</subfield><subfield code='q'>2017-06-20 09:03:48</subfield><subfield code='i'>PQ9697.L585A8713 1986</subfield><subfield code='d'>MAIN</subfield><subfield code='f'>MAIN</subfield></datafield></record>