
<record xmlns='http://www.loc.gov/MARC21/slim'><leader>01249nam a22003850  4500</leader><controlfield tag='005'>20180315192336.0</controlfield><controlfield tag='008'>880208s1986    txu          s00011 eng  </controlfield><controlfield tag='001'>991022231419703811</controlfield><datafield ind1=' ' ind2=' ' tag='010'><subfield code='a'>86050619</subfield></datafield><datafield ind1=' ' ind2=' ' tag='020'><subfield code='a'>0292703929 (pbk.)</subfield></datafield><datafield ind1=' ' ind2=' ' tag='035'><subfield code='a'>(PPT)b14595618-01tuli_inst</subfield></datafield><datafield ind1=' ' ind2=' ' tag='035'><subfield code='a'>ocn471458749</subfield><subfield code='9'>ExL</subfield></datafield><datafield ind1=' ' ind2=' ' tag='035'><subfield code='a'>PATG88-B02012</subfield></datafield><datafield ind1=' ' ind2=' ' tag='035'><subfield code='a'>ocm14712365</subfield></datafield><datafield ind1=' ' ind2=' ' tag='035'><subfield code='a'>(OCLC)ocm14712365</subfield></datafield><datafield ind1=' ' ind2=' ' tag='040'><subfield code='d'>PPT</subfield></datafield><datafield ind1='1' ind2=' ' tag='041'><subfield code='a'>engpor</subfield></datafield><datafield ind1=' ' ind2=' ' tag='079'><subfield code='a'>ocm14712365</subfield></datafield><datafield ind1=' ' ind2=' ' tag='090'><subfield code='a'>PQ9697.L575M313 1986</subfield></datafield><datafield ind1='1' ind2='0' tag='100'><subfield code='a'>Lispector, Clarice.</subfield></datafield><datafield ind1='0' ind2='0' tag='240'><subfield code='a'>Maçã no escuro.</subfield><subfield code='l'>English</subfield></datafield><datafield ind1='1' ind2='4' tag='245'><subfield code='a'>The apple in the dark /</subfield><subfield code='c'>by Clarice Lispector ; translated from the Portuguese with an introduction by Gregory Rabassa.</subfield></datafield><datafield ind1=' ' ind2=' ' tag='250'><subfield code='a'>1st University of Texas Press ed.</subfield></datafield><datafield ind1=' ' ind2=' ' tag='260'><subfield code='a'>Austin :</subfield><subfield code='b'>University of Texas Press,</subfield><subfield code='c'>1986.</subfield></datafield><datafield ind1=' ' ind2=' ' tag='300'><subfield code='a'>xv, 361 p. ;</subfield><subfield code='c'>23 cm.</subfield></datafield><datafield ind1=' ' ind2='4' tag='440'><subfield code='a'>The Texas Pan American series</subfield></datafield><datafield ind1=' ' ind2=' ' tag='500'><subfield code='a'>Translation of: A maçã no escuro.</subfield></datafield><datafield ind1=' ' ind2=' ' tag='907'><subfield code='a'>.b14595618</subfield><subfield code='b'>p    </subfield><subfield code='c'>-</subfield></datafield><datafield ind1=' ' ind2=' ' tag='935'><subfield code='a'>00496051</subfield></datafield><datafield ind1=' ' ind2=' ' tag='945'><subfield code='l'>pstk </subfield><subfield code='g'>1</subfield></datafield><datafield ind1=' ' ind2=' ' tag='950'><subfield code='l'>P</subfield><subfield code='i'>03/24/88 N</subfield></datafield><datafield ind1=' ' ind2=' ' tag='955'><subfield code='l'>P</subfield><subfield code='c'>0</subfield><subfield code='q'>88-B2012-1</subfield><subfield code='i'>03/24/88 C</subfield></datafield><datafield ind1=' ' ind2=' ' tag='979'><subfield code='a'>ocm14712365</subfield></datafield><datafield ind1=' ' ind2=' ' tag='998'><subfield code='b'>1</subfield><subfield code='c'>990101</subfield><subfield code='d'>m</subfield><subfield code='e'>a</subfield><subfield code='f'>-</subfield><subfield code='g'>4</subfield></datafield><datafield ind1=' ' ind2=' ' tag='998'><subfield code='a'>03/24/88</subfield><subfield code='t'>b</subfield><subfield code='s'>9110</subfield><subfield code='n'>PPT</subfield><subfield code='w'>DCLC8650619B</subfield><subfield code='d'>02/08/88</subfield><subfield code='c'>MFK</subfield><subfield code='b'>MK</subfield><subfield code='i'>880324</subfield><subfield code='l'>PATG</subfield></datafield><datafield ind1=' ' ind2=' ' tag='ADM'><subfield code='b'>2018-03-15 23:23:36</subfield><subfield code='e'>b14595618-01tuli_inst</subfield><subfield code='d'>ILS</subfield><subfield code='a'>2017-06-20 10:13:20</subfield><subfield code='c'>false</subfield></datafield><datafield ind1='0' ind2=' ' tag='HLD'><subfield code='b'>MAIN</subfield><subfield code='c'>stacks</subfield><subfield code='h'>PQ9697.L575M313 1986</subfield><subfield code='8'>22300972310003811</subfield></datafield><datafield ind1=' ' ind2=' ' tag='ITM'><subfield code='r'>22300972310003811</subfield><subfield code='b'>1</subfield><subfield code='h'>0</subfield><subfield code='g'>stacks</subfield><subfield code='t'>BOOK</subfield><subfield code='9'>39074004748422</subfield><subfield code='e'>stacks</subfield><subfield code='8'>23300972290003811</subfield><subfield code='a'>0</subfield><subfield code='q'>2017-06-20 10:13:20</subfield><subfield code='i'>PQ9697.L575M313 1986</subfield><subfield code='d'>MAIN</subfield><subfield code='f'>MAIN</subfield></datafield></record>