
<record xmlns='http://www.loc.gov/MARC21/slim'><leader>02111cam a2200409 a 4500</leader><controlfield tag='005'>20180315194526.0</controlfield><controlfield tag='008'>070716s2007    bl       b    000 0 por d</controlfield><controlfield tag='001'>991026213699703811</controlfield><datafield ind1=' ' ind2=' ' tag='010'><subfield code='a'>2007315731</subfield></datafield><datafield ind1=' ' ind2=' ' tag='020'><subfield code='a'>9788532520883</subfield></datafield><datafield ind1=' ' ind2=' ' tag='020'><subfield code='a'>853252088X</subfield></datafield><datafield ind1=' ' ind2=' ' tag='035'><subfield code='a'>(PPT)b51126187-01tuli_inst</subfield></datafield><datafield ind1=' ' ind2=' ' tag='035'><subfield code='a'>(OCoLC)ocn781685901</subfield><subfield code='9'>ExL</subfield></datafield><datafield ind1=' ' ind2=' ' tag='035'><subfield code='a'>(OCoLC)154330911</subfield></datafield><datafield ind1=' ' ind2=' ' tag='035'><subfield code='a'>ocn154330911</subfield></datafield><datafield ind1=' ' ind2=' ' tag='035'><subfield code='a'>(OCLC)ocn154330911</subfield></datafield><datafield ind1=' ' ind2=' ' tag='040'><subfield code='a'>AZU</subfield><subfield code='c'>AZU</subfield><subfield code='d'>DLC</subfield><subfield code='d'>IQU</subfield><subfield code='d'>TJC</subfield><subfield code='d'>IXA</subfield><subfield code='d'>DRB</subfield><subfield code='d'>NLGGC</subfield><subfield code='d'>FDA</subfield></datafield><datafield ind1=' ' ind2=' ' tag='042'><subfield code='a'>lccopycat</subfield><subfield code='a'>lcode</subfield></datafield><datafield ind1=' ' ind2=' ' tag='043'><subfield code='a'>s-bl---</subfield></datafield><datafield ind1=' ' ind2=' ' tag='079'><subfield code='a'>ocn154330911</subfield></datafield><datafield ind1=' ' ind2=' ' tag='090'><subfield code='a'>PQ9697.L585</subfield><subfield code='b'>E48 2007</subfield></datafield><datafield ind1='1' ind2=' ' tag='100'><subfield code='a'>Lispector, Clarice.</subfield></datafield><datafield ind1='1' ind2='0' tag='245'><subfield code='a'>Entrevistas /</subfield><subfield code='c'>Clarice Lispector ; [Alceu Amoroso Lima ... et al. ; organização, Claire Williams].</subfield></datafield><datafield ind1=' ' ind2=' ' tag='260'><subfield code='a'>Rio de Janeiro :</subfield><subfield code='b'>Rocco,</subfield><subfield code='c'>c2007.</subfield></datafield><datafield ind1=' ' ind2=' ' tag='300'><subfield code='a'>231 p. ;</subfield><subfield code='c'>21 cm.</subfield></datafield><datafield ind1=' ' ind2=' ' tag='504'><subfield code='a'>Includes bibliographical references (p. 231).</subfield></datafield><datafield ind1='0' ind2=' ' tag='505'><subfield code='a'>Lygia Fagundes Telles -- Rubem Braga -- Jorge Amado -- Nelson Rodrigues -- Fernando Sabino -- Érico Verissimo -- Nélida Piñon -- Ferreira Gullar -- Millôr Fernandez -- Hélio Pellegrino -- Antônio Callado -- Pablo Neruda -- Marly de Oliveira -- José Carlos Oliveira -- Pedro Bloch -- Alceu Amoroso Lima -- Chico Buarque -- Vinícius de Moraes -- Tom Jobim -- Elis Regina -- Isaac Karabtchevsky -- Jacques Klein -- Paulo Autran -- Bibi Ferreira -- Tônia Carrero -- Tracísio Meira -- Jardel Filho -- Jece Valadão -- Oscar Niemeyer -- Carlos Scliar -- Maria Bonomi -- Fayga Ostrower -- Augusto Rodrigues -- Maria Martins -- Mário Cravo -- Djanira -- Bruno Giorgi -- Iberê Camargo -- Carybé -- Zagallo -- João Saldanha -- Emerson Fittipaldi.</subfield></datafield><datafield ind1=' ' ind2='0' tag='650'><subfield code='a'>Celebrities</subfield><subfield code='z'>Brazil</subfield><subfield code='v'>Interviews.</subfield></datafield><datafield ind1=' ' ind2='0' tag='650'><subfield code='a'>Interviews</subfield><subfield code='z'>Brazil.</subfield></datafield><datafield ind1='1' ind2=' ' tag='700'><subfield code='a'>Lima, Alceu Amoroso,</subfield><subfield code='d'>1893-1983.</subfield></datafield><datafield ind1='1' ind2=' ' tag='700'><subfield code='a'>Williams, Claire,</subfield><subfield code='c'>Dr.</subfield></datafield><datafield ind1='0' ind2='8' tag='776'><subfield code='i'>Online version:</subfield><subfield code='a'>Lispector, Clarice.</subfield><subfield code='t'>Entrevistas.</subfield><subfield code='d'>Rio de Janeiro : Rocco, c2007</subfield><subfield code='w'>(OCoLC)608475425</subfield></datafield><datafield ind1=' ' ind2=' ' tag='907'><subfield code='a'>.b51126187</subfield><subfield code='b'>p    </subfield><subfield code='c'>-</subfield></datafield><datafield ind1=' ' ind2=' ' tag='945'><subfield code='l'>pstk </subfield><subfield code='g'>1</subfield></datafield><datafield ind1=' ' ind2=' ' tag='979'><subfield code='a'>ocn154330911</subfield></datafield><datafield ind1=' ' ind2=' ' tag='998'><subfield code='b'>0</subfield><subfield code='c'>120314</subfield><subfield code='d'>m</subfield><subfield code='e'>a</subfield><subfield code='f'>-</subfield><subfield code='g'>0</subfield></datafield><datafield ind1=' ' ind2=' ' tag='998'><subfield code='a'>03/14/12</subfield><subfield code='s'>LC</subfield><subfield code='c'>AT</subfield></datafield><datafield ind1=' ' ind2=' ' tag='ADM'><subfield code='b'>2018-03-15 23:45:26</subfield><subfield code='e'>b51126187-01tuli_inst</subfield><subfield code='d'>ILS</subfield><subfield code='a'>2017-06-20 07:58:19</subfield><subfield code='c'>false</subfield></datafield><datafield ind1='0' ind2=' ' tag='HLD'><subfield code='b'>MAIN</subfield><subfield code='c'>stacks</subfield><subfield code='h'>PQ9697.L585</subfield><subfield code='i'>E48 2007</subfield><subfield code='8'>22275422360003811</subfield></datafield><datafield ind1=' ' ind2=' ' tag='ITM'><subfield code='r'>22275422360003811</subfield><subfield code='b'>1</subfield><subfield code='h'>0</subfield><subfield code='g'>stacks</subfield><subfield code='t'>BOOK</subfield><subfield code='9'>39074027308220</subfield><subfield code='e'>stacks</subfield><subfield code='8'>23275422340003811</subfield><subfield code='a'>0</subfield><subfield code='q'>2017-06-20 07:58:19</subfield><subfield code='i'>PQ9697.L585 E48 2007</subfield><subfield code='d'>MAIN</subfield><subfield code='f'>MAIN</subfield></datafield></record>