
<record xmlns='http://www.loc.gov/MARC21/slim'><leader>01245pam a22003490  4500</leader><controlfield tag='005'>20180315120528.0</controlfield><controlfield tag='008'>720515s1972    txu           00001 eng  </controlfield><controlfield tag='001'>991000753029703811</controlfield><datafield ind1=' ' ind2=' ' tag='010'><subfield code='a'>72000412</subfield></datafield><datafield ind1=' ' ind2=' ' tag='020'><subfield code='a'>0292724047</subfield></datafield><datafield ind1=' ' ind2=' ' tag='035'><subfield code='a'>(PPT)b10182202-01tuli_inst</subfield></datafield><datafield ind1=' ' ind2=' ' tag='035'><subfield code='a'>ocn467024935</subfield><subfield code='9'>ExL</subfield></datafield><datafield ind1=' ' ind2=' ' tag='035'><subfield code='a'>PATG00323783B</subfield></datafield><datafield ind1=' ' ind2=' ' tag='035'><subfield code='a'>ocm00323783</subfield></datafield><datafield ind1=' ' ind2=' ' tag='035'><subfield code='a'>(OCLC)ocm00323783</subfield></datafield><datafield ind1='1' ind2=' ' tag='041'><subfield code='a'>engspa</subfield></datafield><datafield ind1=' ' ind2=' ' tag='079'><subfield code='a'>ocm00323783</subfield></datafield><datafield ind1=' ' ind2=' ' tag='090'><subfield code='a'>PQ9697.L585L33x</subfield></datafield><datafield ind1='1' ind2='0' tag='100'><subfield code='a'>Lispector, Clarice.</subfield></datafield><datafield ind1='1' ind2='0' tag='245'><subfield code='a'>Family ties.</subfield><subfield code='c'>Translated with an introd. by Giovanni Pontiero.</subfield></datafield><datafield ind1=' ' ind2=' ' tag='260'><subfield code='a'>Austin,</subfield><subfield code='b'>University of Texas Press</subfield><subfield code='c'>[1972]</subfield></datafield><datafield ind1=' ' ind2=' ' tag='300'><subfield code='a'>156 p.</subfield><subfield code='b'>front.</subfield><subfield code='c'>22 cm.</subfield></datafield><datafield ind1='0' ind2=' ' tag='490'><subfield code='a'>Texas pan-American series</subfield></datafield><datafield ind1='0' ind2=' ' tag='505'><subfield code='a'>The daydreams of a drunk woman.--Love.--The chicken.--The imitation of the rose.--Happy birthday.--The smallest woman in the world.--The dinner.--Preciousness.--Family ties.--The beginning of a fortune.--Mystery in Sao Christovao.--The crime of the mathematics professor.--The buffalo.</subfield></datafield><datafield ind1=' ' ind2=' ' tag='907'><subfield code='a'>.b10182202</subfield><subfield code='b'>p    </subfield><subfield code='c'>-</subfield></datafield><datafield ind1=' ' ind2=' ' tag='935'><subfield code='a'>00019446</subfield></datafield><datafield ind1=' ' ind2=' ' tag='945'><subfield code='l'>pstk </subfield><subfield code='g'>1</subfield></datafield><datafield ind1=' ' ind2=' ' tag='950'><subfield code='l'>P</subfield><subfield code='x'>1</subfield><subfield code='i'>01/01/01 N</subfield></datafield><datafield ind1=' ' ind2=' ' tag='955'><subfield code='c'>-</subfield><subfield code='u'>a=886541   lh</subfield></datafield><datafield ind1=' ' ind2=' ' tag='979'><subfield code='a'>ocm00323783</subfield></datafield><datafield ind1=' ' ind2=' ' tag='998'><subfield code='b'>1</subfield><subfield code='c'>990101</subfield><subfield code='d'>m</subfield><subfield code='e'>a</subfield><subfield code='f'>-</subfield><subfield code='g'>0</subfield></datafield><datafield ind1=' ' ind2=' ' tag='998'><subfield code='n'>PPT</subfield><subfield code='s'>9665</subfield></datafield><datafield ind1=' ' ind2=' ' tag='ADM'><subfield code='b'>2018-03-15 16:05:28</subfield><subfield code='e'>b10182202-01tuli_inst</subfield><subfield code='d'>ILS</subfield><subfield code='a'>2017-06-20 09:18:16</subfield><subfield code='c'>false</subfield></datafield><datafield ind1='0' ind2=' ' tag='HLD'><subfield code='b'>MAIN</subfield><subfield code='c'>stacks</subfield><subfield code='h'>PQ9697.L585L33x</subfield><subfield code='8'>22292749640003811</subfield></datafield><datafield ind1=' ' ind2=' ' tag='ITM'><subfield code='r'>22292749640003811</subfield><subfield code='b'>1</subfield><subfield code='h'>0</subfield><subfield code='g'>stacks</subfield><subfield code='t'>BOOK</subfield><subfield code='9'>39074000104869</subfield><subfield code='e'>stacks</subfield><subfield code='8'>23292749630003811</subfield><subfield code='a'>0</subfield><subfield code='q'>2017-06-20 09:18:16</subfield><subfield code='i'>PQ9697.L585L33x</subfield><subfield code='d'>MAIN</subfield><subfield code='f'>MAIN</subfield></datafield></record>