
<record xmlns='http://www.loc.gov/MARC21/slim'><leader>01309cam a2200325   4500</leader><controlfield tag='005'>20180315184445.0</controlfield><controlfield tag='008'>950424s1972    txu           000 1 eng  </controlfield><controlfield tag='001'>991017068299703811</controlfield><datafield ind1=' ' ind2=' ' tag='010'><subfield code='a'>72000412 //r952</subfield></datafield><datafield ind1=' ' ind2=' ' tag='020'><subfield code='a'>0292724489 (pbk.) :</subfield><subfield code='c'>$16.95</subfield></datafield><datafield ind1=' ' ind2=' ' tag='035'><subfield code='a'>(PPT)b48825001-01tuli_inst</subfield></datafield><datafield ind1=' ' ind2=' ' tag='040'><subfield code='a'>DLC</subfield><subfield code='c'>DLC</subfield><subfield code='d'>DLC</subfield></datafield><datafield ind1='1' ind2=' ' tag='041'><subfield code='a'>engpor</subfield></datafield><datafield ind1='0' ind2='0' tag='050'><subfield code='a'>PZ4.L769</subfield><subfield code='b'>Fam</subfield><subfield code='a'>PQ9697.L585</subfield></datafield><datafield ind1=' ' ind2=' ' tag='069'><subfield code='a'>09731239</subfield></datafield><datafield ind1=' ' ind2=' ' tag='090'><subfield code='a'>PQ 9697 .L585 L3313 1972</subfield></datafield><datafield ind1='1' ind2=' ' tag='100'><subfield code='a'>Lispector, Clarice.</subfield></datafield><datafield ind1='0' ind2='0' tag='240'><subfield code='a'>Laços de família.</subfield><subfield code='l'>English</subfield></datafield><datafield ind1='1' ind2='0' tag='245'><subfield code='a'>Family ties.</subfield><subfield code='c'>Translated with an introd. by Giovanni Pontiero.</subfield></datafield><datafield ind1='0' ind2=' ' tag='260'><subfield code='a'>Austin,</subfield><subfield code='b'>University of Texas Press</subfield><subfield code='c'>[1972]</subfield></datafield><datafield ind1=' ' ind2=' ' tag='300'><subfield code='a'>156 p.</subfield><subfield code='b'>front.</subfield><subfield code='c'>22 cm.</subfield></datafield><datafield ind1='0' ind2=' ' tag='490'><subfield code='a'>Texas pan-American series</subfield></datafield><datafield ind1='0' ind2=' ' tag='505'><subfield code='a'>The daydreams of a drunk woman.--Love.--The chicken.--The imitation of the rose.--Happy birthday.--The smallest woman in the world.--The dinner.--Preciousness.--Family ties.--The beginning of a fortune.--Mystery in Sao Christovao.--The crime of the mathematics professor.--The buffalo.</subfield></datafield><datafield ind1=' ' ind2='0' tag='650'><subfield code='a'>Short stories, Brazilian</subfield><subfield code='v'>Translations into English.</subfield></datafield><datafield ind1=' ' ind2='0' tag='651'><subfield code='a'>Brazil</subfield><subfield code='x'>Social life and customs</subfield><subfield code='v'>Fiction.</subfield></datafield><datafield ind1=' ' ind2=' ' tag='907'><subfield code='a'>.b48825001</subfield><subfield code='b'>jt   </subfield><subfield code='c'>-</subfield></datafield><datafield ind1=' ' ind2=' ' tag='915'><subfield code='a'>55195</subfield></datafield><datafield ind1=' ' ind2=' ' tag='945'><subfield code='l'>jtcas</subfield><subfield code='g'>1</subfield></datafield><datafield ind1=' ' ind2=' ' tag='998'><subfield code='b'>1</subfield><subfield code='c'>110807</subfield><subfield code='d'>m</subfield><subfield code='e'>a</subfield><subfield code='f'>-</subfield><subfield code='g'>0</subfield></datafield><datafield ind1=' ' ind2=' ' tag='998'><subfield code='b'>1</subfield><subfield code='c'>110807</subfield><subfield code='d'>m</subfield><subfield code='e'>a</subfield><subfield code='f'>-</subfield><subfield code='g'>0</subfield></datafield><datafield ind1=' ' ind2=' ' tag='ADM'><subfield code='b'>2018-03-15 22:44:45</subfield><subfield code='e'>b48825001-01tuli_inst</subfield><subfield code='d'>ILS</subfield><subfield code='a'>2017-06-20 10:39:56</subfield><subfield code='c'>false</subfield></datafield><datafield ind1='0' ind2=' ' tag='HLD'><subfield code='b'>JAPAN</subfield><subfield code='c'>stacks</subfield><subfield code='h'>PQ 9697 .L585 L3313 1972</subfield><subfield code='8'>22305027690003811</subfield></datafield><datafield ind1=' ' ind2=' ' tag='ITM'><subfield code='r'>22305027690003811</subfield><subfield code='b'>1</subfield><subfield code='h'>0</subfield><subfield code='g'>stacks</subfield><subfield code='t'>BOOK</subfield><subfield code='9'>31982070377603</subfield><subfield code='e'>stacks</subfield><subfield code='8'>23305027680003811</subfield><subfield code='a'>0</subfield><subfield code='q'>2017-06-20 10:39:56</subfield><subfield code='i'>PQ 9697 .L585 L3313 1972</subfield><subfield code='d'>JAPAN</subfield><subfield code='f'>JAPAN</subfield></datafield></record>