
<record xmlns='http://www.loc.gov/MARC21/slim'><leader>02410cgm a2200577Ia 4500</leader><controlfield tag='005'>20180315125347.0</controlfield><controlfield tag='007'>vd cvaizu</controlfield><controlfield tag='008'>050919p20051986bl 096            vlpor d</controlfield><controlfield tag='001'>991034965919703811</controlfield><datafield ind1='4' ind2='0' tag='028'><subfield code='a'>K415</subfield><subfield code='b'>Kino on Video</subfield></datafield><datafield ind1=' ' ind2=' ' tag='035'><subfield code='a'>(PPT)b40921499-01tuli_inst</subfield></datafield><datafield ind1=' ' ind2=' ' tag='035'><subfield code='a'>(OCoLC)ocn652708266</subfield><subfield code='9'>ExL</subfield></datafield><datafield ind1=' ' ind2=' ' tag='035'><subfield code='a'>(OCoLC)61661611</subfield></datafield><datafield ind1=' ' ind2=' ' tag='035'><subfield code='a'>ocm61119393</subfield></datafield><datafield ind1=' ' ind2=' ' tag='035'><subfield code='a'>(OCLC)ocm61119393</subfield></datafield><datafield ind1=' ' ind2=' ' tag='040'><subfield code='a'>IDU</subfield><subfield code='c'>IDU</subfield><subfield code='d'>IDU</subfield><subfield code='d'>OCLCG</subfield><subfield code='d'>BNY</subfield><subfield code='d'>PPT</subfield></datafield><datafield ind1='1' ind2=' ' tag='041'><subfield code='a'>por</subfield><subfield code='b'>eng</subfield></datafield><datafield ind1=' ' ind2=' ' tag='079'><subfield code='a'>ocm61119393</subfield></datafield><datafield ind1=' ' ind2=' ' tag='090'><subfield code='a'>PN1997</subfield><subfield code='b'>.H6828x 2005</subfield></datafield><datafield ind1='0' ind2=' ' tag='130'><subfield code='a'>Hora da estrela (Motion picture)</subfield></datafield><datafield ind1='1' ind2='2' tag='245'><subfield code='a'>A Hora da estrela</subfield><subfield code='h'>[videorecording] =</subfield><subfield code='b'>The hour of the star /</subfield><subfield code='c'>Raiz Produções Cinematográficas ; direção de produção, Eliane Bandeira ; roteiro, Suzana Amaral, Alfredo Oroz ; direção, Suzana Amaral.</subfield></datafield><datafield ind1='3' ind2='1' tag='246'><subfield code='a'>Hour of the star</subfield></datafield><datafield ind1=' ' ind2=' ' tag='257'><subfield code='a'>Brazil.</subfield></datafield><datafield ind1=' ' ind2=' ' tag='260'><subfield code='a'>NY [i.e. New York], N.Y. :</subfield><subfield code='b'>Kino  on Video,</subfield><subfield code='c'>[2005?].</subfield></datafield><datafield ind1=' ' ind2=' ' tag='300'><subfield code='a'>1 videodisc (96 min.) :</subfield><subfield code='b'>sd., col. ;</subfield><subfield code='c'>4 3/4 in.</subfield></datafield><datafield ind1=' ' ind2=' ' tag='538'><subfield code='a'>DVD; NTSC.</subfield></datafield><datafield ind1=' ' ind2=' ' tag='500'><subfield code='a'>Portuguese dialogue, English subtitles.</subfield></datafield><datafield ind1=' ' ind2=' ' tag='500'><subfield code='a'>Based on: A hora da estrela / Clarice Lispector.</subfield></datafield><datafield ind1=' ' ind2=' ' tag='500'><subfield code='a'>Originally produced as motion picture in 1986.</subfield></datafield><datafield ind1='0' ind2=' ' tag='511'><subfield code='a'>Cast: Marcélia Cartaxo, José Dumont, Denoy de Oliveira, Sônia Guedes, Umberto Magnani.</subfield></datafield><datafield ind1=' ' ind2=' ' tag='508'><subfield code='a'>Photography and camera, Edgar Moura ; editing, Ide N. Lacreta ; music, Marcus Vinicius.</subfield></datafield><datafield ind1=' ' ind2=' ' tag='520'><subfield code='a'>A young woman in search of success moves from Brazil&apos;s arid Northeast to the teeming city of São Paulo, where only her fantasies can make the poverty she finds bearable.</subfield></datafield><datafield ind1=' ' ind2='0' tag='650'><subfield code='a'>Young women</subfield><subfield code='z'>Brazil</subfield><subfield code='v'>Drama.</subfield></datafield><datafield ind1=' ' ind2='0' tag='650'><subfield code='a'>Man-woman relationships</subfield><subfield code='z'>Brazil</subfield><subfield code='v'>Drama.</subfield></datafield><datafield ind1=' ' ind2='0' tag='650'><subfield code='a'>Rural-urban migration</subfield><subfield code='z'>Brazil</subfield><subfield code='v'>Drama.</subfield></datafield><datafield ind1=' ' ind2='7' tag='655'><subfield code='a'>Feature films.</subfield><subfield code='2'>lcgft</subfield></datafield><datafield ind1=' ' ind2='0' tag='655'><subfield code='a'>Feature films</subfield><subfield code='z'>Brazil.</subfield></datafield><datafield ind1=' ' ind2='7' tag='655'><subfield code='a'>Foreign language films</subfield><subfield code='x'>Portuguese.</subfield><subfield code='2'>local</subfield></datafield><datafield ind1='1' ind2=' ' tag='700'><subfield code='a'>Amaral, Suzana.</subfield><subfield code='4'>drt</subfield><subfield code='4'>aus</subfield></datafield><datafield ind1='1' ind2=' ' tag='700'><subfield code='a'>Oroz, Alfredo.</subfield><subfield code='4'>aus</subfield></datafield><datafield ind1='1' ind2=' ' tag='700'><subfield code='a'>Bandeira, Eliane.</subfield><subfield code='4'>pro</subfield></datafield><datafield ind1='1' ind2=' ' tag='700'><subfield code='a'>Cartaxo, Marcélia.</subfield><subfield code='4'>act</subfield></datafield><datafield ind1='1' ind2=' ' tag='700'><subfield code='a'>Dumont, José,</subfield><subfield code='d'>1951-</subfield><subfield code='4'>act</subfield></datafield><datafield ind1='1' ind2=' ' tag='700'><subfield code='a'>Lispector, Clarice.</subfield><subfield code='t'>Hora da estrela.</subfield></datafield><datafield ind1='2' ind2=' ' tag='710'><subfield code='a'>Raiz Produções Cinematográficas.</subfield></datafield><datafield ind1='2' ind2=' ' tag='710'><subfield code='a'>Kino International Corporation.</subfield></datafield><datafield ind1=' ' ind2=' ' tag='907'><subfield code='a'>.b40921499</subfield><subfield code='b'>pmed </subfield><subfield code='c'>g</subfield></datafield><datafield ind1=' ' ind2=' ' tag='945'><subfield code='l'>pmed </subfield><subfield code='g'>1</subfield></datafield><datafield ind1=' ' ind2=' ' tag='979'><subfield code='a'>ocm61119393</subfield></datafield><datafield ind1=' ' ind2=' ' tag='998'><subfield code='b'>0</subfield><subfield code='c'>091006</subfield><subfield code='d'>m</subfield><subfield code='e'>g</subfield><subfield code='f'>g</subfield><subfield code='g'>2</subfield></datafield><datafield ind1=' ' ind2=' ' tag='998'><subfield code='a'>10/06/09</subfield><subfield code='s'>OCLC</subfield><subfield code='c'>DH</subfield></datafield><datafield ind1=' ' ind2=' ' tag='ADM'><subfield code='b'>2018-03-15 16:53:47</subfield><subfield code='e'>b40921499-01tuli_inst</subfield><subfield code='d'>ILS</subfield><subfield code='a'>2017-06-20 11:03:38</subfield><subfield code='c'>false</subfield></datafield><datafield ind1='0' ind2=' ' tag='HLD'><subfield code='b'>MEDIA</subfield><subfield code='c'>media</subfield><subfield code='h'>PN1997</subfield><subfield code='i'>.H6828x 2005</subfield><subfield code='8'>22308627490003811</subfield></datafield><datafield ind1=' ' ind2=' ' tag='ITM'><subfield code='r'>22308627490003811</subfield><subfield code='b'>1</subfield><subfield code='h'>0</subfield><subfield code='g'>media</subfield><subfield code='t'>DVD</subfield><subfield code='9'>39074024957946</subfield><subfield code='e'>media</subfield><subfield code='8'>23308627480003811</subfield><subfield code='a'>5</subfield><subfield code='q'>2017-06-20 11:03:38</subfield><subfield code='i'>PN1997 .H6828x 2005</subfield><subfield code='d'>MEDIA</subfield><subfield code='f'>MEDIA</subfield></datafield></record>