
<record xmlns='http://www.loc.gov/MARC21/slim'><leader>01762cam a2200421 a 4500</leader><controlfield tag='005'>20180315184353.0</controlfield><controlfield tag='008'>101018s2011    txu      b    001 0 eng  </controlfield><controlfield tag='001'>991016510609703811</controlfield><datafield ind1=' ' ind2=' ' tag='010'><subfield code='a'>2010044221</subfield></datafield><datafield ind1=' ' ind2=' ' tag='020'><subfield code='a'>9781595340702 (alk. paper)</subfield></datafield><datafield ind1=' ' ind2=' ' tag='020'><subfield code='a'>159534070X (alk. paper)</subfield></datafield><datafield ind1=' ' ind2=' ' tag='035'><subfield code='a'>(PPT)b48555861-01tuli_inst</subfield></datafield><datafield ind1=' ' ind2=' ' tag='035'><subfield code='a'>(OCoLC)ocn744317948</subfield><subfield code='9'>ExL</subfield></datafield><datafield ind1=' ' ind2=' ' tag='035'><subfield code='a'>(OCoLC)670481750</subfield></datafield><datafield ind1=' ' ind2=' ' tag='035'><subfield code='a'>ocn670481750</subfield></datafield><datafield ind1=' ' ind2=' ' tag='035'><subfield code='a'>(OCLC)ocn670481750</subfield></datafield><datafield ind1=' ' ind2=' ' tag='040'><subfield code='a'>DLC</subfield><subfield code='c'>DLC</subfield><subfield code='d'>YDX</subfield><subfield code='d'>BTCTA</subfield><subfield code='d'>YDXCP</subfield><subfield code='d'>BWX</subfield><subfield code='d'>CDX</subfield><subfield code='d'>BNG</subfield><subfield code='d'>VP@</subfield></datafield><datafield ind1=' ' ind2=' ' tag='049'><subfield code='a'>IG$A</subfield></datafield><datafield ind1=' ' ind2=' ' tag='079'><subfield code='a'>ocn670481750</subfield></datafield><datafield ind1=' ' ind2=' ' tag='090'><subfield code='a'>PN495</subfield><subfield code='b'>.B67 2011</subfield></datafield><datafield ind1='1' ind2=' ' tag='100'><subfield code='a'>Borinsky, Alicia.</subfield></datafield><datafield ind1='1' ind2='0' tag='245'><subfield code='a'>One-way tickets :</subfield><subfield code='b'>writers and the culture of exile /</subfield><subfield code='c'>Alicia Borinsky.</subfield></datafield><datafield ind1=' ' ind2=' ' tag='260'><subfield code='a'>San Antonio, Tex. :</subfield><subfield code='b'>Trinity University Press,</subfield><subfield code='c'>c2011.</subfield></datafield><datafield ind1=' ' ind2=' ' tag='300'><subfield code='a'>x, 223 p. ;</subfield><subfield code='c'>22 cm.</subfield></datafield><datafield ind1=' ' ind2=' ' tag='504'><subfield code='a'>Includes bibliographical references and index.</subfield></datafield><datafield ind1=' ' ind2=' ' tag='520'><subfield code='a'>&quot;Borinsky discusses the works of writers in exile, including Vladimir Nabokov, writing in English in the United States, Julio Cortázar in Paris, and Witold Gombrowicz in Buenos Aires, as well as Jorge Luis Borges, Isaac Bashevis Singer, Oscar Hijuelos, Cristina Garcia, Junot Diaz, and Clarice Lispector&quot;--Provided by publisher.</subfield></datafield><datafield ind1=' ' ind2='0' tag='650'><subfield code='a'>Exiles&apos; writings</subfield><subfield code='x'>History and criticism.</subfield></datafield><datafield ind1=' ' ind2='0' tag='650'><subfield code='a'>Authors, Exiled</subfield><subfield code='y'>20th century.</subfield></datafield><datafield ind1=' ' ind2='0' tag='650'><subfield code='a'>Literature, Modern</subfield><subfield code='y'>20th century</subfield><subfield code='x'>History and criticism.</subfield></datafield><datafield ind1=' ' ind2='0' tag='650'><subfield code='a'>Expatriation in literature.</subfield></datafield><datafield ind1=' ' ind2='0' tag='650'><subfield code='a'>Alienation (Social psychology) in literature.</subfield></datafield><datafield ind1=' ' ind2='0' tag='650'><subfield code='a'>Emigration and immigration in literature.</subfield></datafield><datafield ind1=' ' ind2='0' tag='650'><subfield code='a'>Culture in literature.</subfield></datafield><datafield ind1=' ' ind2=' ' tag='907'><subfield code='a'>.b48555861</subfield><subfield code='b'>p    </subfield><subfield code='c'>-</subfield></datafield><datafield ind1=' ' ind2=' ' tag='945'><subfield code='l'>pstk </subfield><subfield code='g'>1</subfield></datafield><datafield ind1=' ' ind2=' ' tag='979'><subfield code='a'>ocn670481750</subfield></datafield><datafield ind1=' ' ind2=' ' tag='998'><subfield code='b'>1</subfield><subfield code='c'>110701</subfield><subfield code='d'>m</subfield><subfield code='e'>a</subfield><subfield code='f'>-</subfield><subfield code='g'>0</subfield></datafield><datafield ind1=' ' ind2=' ' tag='998'><subfield code='b'>1</subfield><subfield code='c'>110701</subfield><subfield code='d'>m</subfield><subfield code='e'>a</subfield><subfield code='f'>-</subfield><subfield code='g'>0</subfield></datafield><datafield ind1=' ' ind2=' ' tag='ADM'><subfield code='b'>2018-03-15 22:43:53</subfield><subfield code='e'>b48555861-01tuli_inst</subfield><subfield code='d'>ILS</subfield><subfield code='a'>2017-06-20 09:19:53</subfield><subfield code='c'>false</subfield></datafield><datafield ind1='0' ind2=' ' tag='HLD'><subfield code='b'>MAIN</subfield><subfield code='c'>stacks</subfield><subfield code='h'>PN495</subfield><subfield code='i'>.B67 2011</subfield><subfield code='8'>22292974500003811</subfield></datafield><datafield ind1=' ' ind2=' ' tag='ITM'><subfield code='r'>22292974500003811</subfield><subfield code='b'>1</subfield><subfield code='h'>0</subfield><subfield code='g'>stacks</subfield><subfield code='t'>BOOK</subfield><subfield code='9'>39074026294967</subfield><subfield code='e'>stacks</subfield><subfield code='8'>23292974490003811</subfield><subfield code='a'>0</subfield><subfield code='q'>2017-06-20 09:19:53</subfield><subfield code='i'>PN495 .B67 2011</subfield><subfield code='d'>MAIN</subfield><subfield code='f'>MAIN</subfield></datafield></record>