
<record xmlns='http://www.loc.gov/MARC21/slim'><leader>01626cam a2200373 a 4500</leader><controlfield tag='005'>20180315175847.0</controlfield><controlfield tag='008'>060212s2006    nyu      b    001 0 eng d</controlfield><controlfield tag='001'>991011876979703811</controlfield><datafield ind1=' ' ind2=' ' tag='020'><subfield code='a'>1403964696</subfield></datafield><datafield ind1=' ' ind2=' ' tag='035'><subfield code='a'>(PPT)b29880415-01tuli_inst</subfield></datafield><datafield ind1=' ' ind2=' ' tag='035'><subfield code='a'>ocn490922796</subfield><subfield code='9'>ExL</subfield></datafield><datafield ind1=' ' ind2=' ' tag='035'><subfield code='a'>PPTb29880415</subfield></datafield><datafield ind1=' ' ind2=' ' tag='035'><subfield code='a'>ocm63180049</subfield></datafield><datafield ind1=' ' ind2=' ' tag='035'><subfield code='a'>(OCLC)ocm63180049</subfield></datafield><datafield ind1=' ' ind2=' ' tag='040'><subfield code='a'>MIA</subfield><subfield code='c'>MIA</subfield><subfield code='d'>EMU</subfield><subfield code='d'>CtY</subfield><subfield code='d'>PPT</subfield></datafield><datafield ind1=' ' ind2=' ' tag='079'><subfield code='a'>ocm63180049</subfield></datafield><datafield ind1=' ' ind2=' ' tag='090'><subfield code='a'>PQ7081.5</subfield><subfield code='b'>.T754x 2006</subfield></datafield><datafield ind1='1' ind2=' ' tag='100'><subfield code='a'>Trigo, Benigno.</subfield></datafield><datafield ind1='1' ind2='0' tag='245'><subfield code='a'>Remembering maternal bodies :</subfield><subfield code='b'>melancholy in Latina and Latin American women&apos;s writing /</subfield><subfield code='c'>Benigno Trigo.</subfield></datafield><datafield ind1=' ' ind2=' ' tag='250'><subfield code='a'>1st ed.</subfield></datafield><datafield ind1=' ' ind2=' ' tag='260'><subfield code='a'>New York :</subfield><subfield code='b'>Palgrave Macmillan,</subfield><subfield code='c'>2006.</subfield></datafield><datafield ind1=' ' ind2=' ' tag='300'><subfield code='a'>viii, 205 p. ;</subfield><subfield code='c'>22 cm.</subfield></datafield><datafield ind1=' ' ind2='0' tag='440'><subfield code='a'>New concepts in Latino American cultures.</subfield></datafield><datafield ind1='0' ind2=' ' tag='505'><subfield code='a'>Tranformative witnessing: Clarice Lispector&apos;s dark ties -- Maternal jouissance: Elena Garro&apos;s Recuerdos -- The mother tongue: Rosario Ferré&apos;s ec-centric writing -- Accidents of chicana feminisms: Norma Alarcón, Gloria Anzaldúa, and Cherrie Moraga -- Memoirs of the abject: Irene Vilar&apos;s Memoria -- From revenge to redemption: Julia Alvarez&apos;s Open secrets.</subfield></datafield><datafield ind1=' ' ind2=' ' tag='504'><subfield code='a'>Includes bibliographical references (p. [191]-200) and index.</subfield></datafield><datafield ind1=' ' ind2='0' tag='650'><subfield code='a'>Latin American literature</subfield><subfield code='x'>Women authors</subfield><subfield code='x'>History and criticism.</subfield></datafield><datafield ind1=' ' ind2='0' tag='650'><subfield code='a'>Hispanic American women authors</subfield><subfield code='x'>Criticism and interpretation.</subfield></datafield><datafield ind1=' ' ind2='0' tag='650'><subfield code='a'>Melancholy in literature.</subfield></datafield><datafield ind1=' ' ind2='0' tag='650'><subfield code='a'>Mothers in literature.</subfield></datafield><datafield ind1=' ' ind2=' ' tag='907'><subfield code='a'>.b29880415</subfield><subfield code='b'>p    </subfield><subfield code='c'>-</subfield></datafield><datafield ind1=' ' ind2=' ' tag='945'><subfield code='l'>pstk </subfield><subfield code='g'>1</subfield></datafield><datafield ind1=' ' ind2=' ' tag='979'><subfield code='a'>ocm63180049</subfield></datafield><datafield ind1=' ' ind2=' ' tag='998'><subfield code='b'>0</subfield><subfield code='c'>060414</subfield><subfield code='d'>m</subfield><subfield code='e'>a</subfield><subfield code='f'>-</subfield><subfield code='g'>0</subfield></datafield><datafield ind1=' ' ind2=' ' tag='998'><subfield code='a'>04/14/06</subfield><subfield code='s'>RLIN</subfield><subfield code='c'>MW</subfield></datafield><datafield ind1=' ' ind2=' ' tag='ADM'><subfield code='b'>2018-03-15 21:58:47</subfield><subfield code='e'>b29880415-01tuli_inst</subfield><subfield code='d'>ILS</subfield><subfield code='a'>2017-06-20 07:39:52</subfield><subfield code='c'>false</subfield></datafield><datafield ind1='0' ind2=' ' tag='HLD'><subfield code='b'>MAIN</subfield><subfield code='c'>stacks</subfield><subfield code='h'>PQ7081.5</subfield><subfield code='i'>.T754x 2006</subfield><subfield code='8'>22270222110003811</subfield></datafield><datafield ind1=' ' ind2=' ' tag='ITM'><subfield code='r'>22270222110003811</subfield><subfield code='b'>1</subfield><subfield code='h'>0</subfield><subfield code='g'>stacks</subfield><subfield code='t'>BOOK</subfield><subfield code='9'>39074018083345</subfield><subfield code='e'>stacks</subfield><subfield code='8'>23270222080003811</subfield><subfield code='a'>0</subfield><subfield code='q'>2017-06-20 07:39:52</subfield><subfield code='i'>PQ7081.5 .T754x 2006</subfield><subfield code='d'>MAIN</subfield><subfield code='f'>MAIN</subfield></datafield></record>