
<record xmlns='http://www.loc.gov/MARC21/slim'><leader>01872nam a2200421 a 4500</leader><controlfield tag='005'>20180315182540.0</controlfield><controlfield tag='008'>000519s2000    tnu      b    001 0 eng  </controlfield><controlfield tag='001'>991012517309703811</controlfield><datafield ind1=' ' ind2=' ' tag='010'><subfield code='a'>99006497</subfield></datafield><datafield ind1=' ' ind2=' ' tag='020'><subfield code='a'>0826513476 (pbk. : alk. paper)</subfield></datafield><datafield ind1=' ' ind2=' ' tag='020'><subfield code='a'>0826513425 (alk. paper)</subfield></datafield><datafield ind1=' ' ind2=' ' tag='035'><subfield code='a'>(PPT)b21255581-01tuli_inst</subfield></datafield><datafield ind1=' ' ind2=' ' tag='035'><subfield code='a'>(CStRLIN)ocn475794872</subfield><subfield code='9'>ExL</subfield></datafield><datafield ind1=' ' ind2=' ' tag='035'><subfield code='a'>PATG00-B10781</subfield></datafield><datafield ind1=' ' ind2=' ' tag='035'><subfield code='a'>ocm41400659</subfield></datafield><datafield ind1=' ' ind2=' ' tag='035'><subfield code='a'>(OCLC)ocm41400659</subfield></datafield><datafield ind1=' ' ind2=' ' tag='040'><subfield code='a'>DLC</subfield><subfield code='c'>DLC</subfield><subfield code='d'>DLC</subfield></datafield><datafield ind1=' ' ind2=' ' tag='043'><subfield code='a'>cl-----</subfield></datafield><datafield ind1=' ' ind2=' ' tag='079'><subfield code='a'>ocm41400659</subfield></datafield><datafield ind1=' ' ind2=' ' tag='090'><subfield code='a'>PQ7082.N7</subfield><subfield code='b'>B48 1999</subfield></datafield><datafield ind1='1' ind2=' ' tag='100'><subfield code='a'>Biron, Rebecca E.,</subfield><subfield code='d'>1964-</subfield></datafield><datafield ind1='1' ind2='0' tag='245'><subfield code='a'>Murder and masculinity :</subfield><subfield code='b'>violent fictions of twentieth century Latin America /</subfield><subfield code='c'>Rebecca E. Biron.</subfield></datafield><datafield ind1=' ' ind2=' ' tag='250'><subfield code='a'>1st ed.</subfield></datafield><datafield ind1=' ' ind2=' ' tag='260'><subfield code='a'>Nashville :</subfield><subfield code='b'>Vanderbilt University Press,</subfield><subfield code='c'>2000.</subfield></datafield><datafield ind1=' ' ind2=' ' tag='300'><subfield code='a'>181 p. ;</subfield><subfield code='c'>24 cm.</subfield></datafield><datafield ind1=' ' ind2=' ' tag='504'><subfield code='a'>Includes bibliographical references (p. 161-175) and index.</subfield></datafield><datafield ind1='0' ind2=' ' tag='505'><subfield code='a'>Murder and masculinity -- Telling secrets of brotherly love : Jorge Luis Borges&apos;s &quot;La intrusa&quot; -- Fantasies of erotic domination : Armonía Somers&apos;s &quot;El despojo&quot; -- Crime and punishment reconsidered : Clarice Lispector&apos;s A maçã no escuro -- Genre, violence, and the mystery of masculinity : Manuel Puig&apos;s The Buenos Aires affair -- Revolutionary matricide, patricide, suicide : Reinaldo Arenas&apos;s El asalto -- Murder and masculinity : an other look.</subfield></datafield><datafield ind1=' ' ind2='0' tag='650'><subfield code='a'>Latin American fiction</subfield><subfield code='y'>20th century</subfield><subfield code='x'>History and criticism.</subfield></datafield><datafield ind1=' ' ind2='0' tag='650'><subfield code='a'>Politics and literature</subfield><subfield code='z'>Latin America.</subfield></datafield><datafield ind1=' ' ind2='0' tag='650'><subfield code='a'>Violence in literature.</subfield></datafield><datafield ind1=' ' ind2='0' tag='650'><subfield code='a'>Masculinity in literature.</subfield></datafield><datafield ind1=' ' ind2='1' tag='901'><subfield code='i'>39074014241954</subfield><subfield code='l'>pstk</subfield><subfield code='a'>PQ7082.N7</subfield><subfield code='b'>B48 1999</subfield><subfield code='s'>-</subfield><subfield code='t'>0</subfield><subfield code='z'>090</subfield></datafield><datafield ind1=' ' ind2=' ' tag='907'><subfield code='a'>.b21255581</subfield><subfield code='b'>p    </subfield><subfield code='c'>-</subfield></datafield><datafield ind1=' ' ind2=' ' tag='945'><subfield code='l'>pstk </subfield><subfield code='g'>1</subfield></datafield><datafield ind1=' ' ind2=' ' tag='950'><subfield code='l'>P</subfield></datafield><datafield ind1=' ' ind2=' ' tag='979'><subfield code='a'>ocm41400659</subfield></datafield><datafield ind1=' ' ind2=' ' tag='998'><subfield code='b'>1</subfield><subfield code='c'>000522</subfield><subfield code='d'>m</subfield><subfield code='e'>a</subfield><subfield code='f'>-</subfield><subfield code='g'>0</subfield></datafield><datafield ind1=' ' ind2=' ' tag='998'><subfield code='a'>05/19/00</subfield><subfield code='t'>c</subfield><subfield code='s'>9110</subfield><subfield code='l'>PATG</subfield><subfield code='n'>PPT</subfield><subfield code='w'>DCLC996497B</subfield><subfield code='d'>05/19/00</subfield><subfield code='b'>YL</subfield></datafield><datafield ind1=' ' ind2=' ' tag='ADM'><subfield code='b'>2018-03-15 22:25:40</subfield><subfield code='e'>b21255581-01tuli_inst</subfield><subfield code='d'>ILS</subfield><subfield code='a'>2017-06-20 06:47:13</subfield><subfield code='c'>false</subfield></datafield><datafield ind1='0' ind2=' ' tag='HLD'><subfield code='b'>MAIN</subfield><subfield code='c'>stacks</subfield><subfield code='h'>PQ7082.N7</subfield><subfield code='i'>B48 1999</subfield><subfield code='8'>22254591990003811</subfield></datafield><datafield ind1=' ' ind2=' ' tag='ITM'><subfield code='r'>22254591990003811</subfield><subfield code='b'>1</subfield><subfield code='h'>0</subfield><subfield code='g'>stacks</subfield><subfield code='t'>BOOK</subfield><subfield code='9'>39074014241954</subfield><subfield code='e'>stacks</subfield><subfield code='8'>23254591960003811</subfield><subfield code='a'>0</subfield><subfield code='q'>2017-06-20 06:47:13</subfield><subfield code='i'>PQ7082.N7 B48 1999</subfield><subfield code='d'>MAIN</subfield><subfield code='f'>MAIN</subfield></datafield></record>