
<record xmlns='http://www.loc.gov/MARC21/slim'><leader>01532nam a2200373 a 4500</leader><controlfield tag='005'>20170826004430.0</controlfield><controlfield tag='008'>920109s1991    mau      b    00110 eng  </controlfield><controlfield tag='001'>991028526379703811</controlfield><datafield ind1=' ' ind2=' ' tag='010'><subfield code='a'>90026785</subfield></datafield><datafield ind1=' ' ind2=' ' tag='020'><subfield code='a'>0674144368 (alk. paper)</subfield></datafield><datafield ind1=' ' ind2=' ' tag='035'><subfield code='a'>(PPT)b15877206-01tuli_inst</subfield></datafield><datafield ind1=' ' ind2=' ' tag='035'><subfield code='a'>ocn476744079</subfield><subfield code='9'>ExL</subfield></datafield><datafield ind1=' ' ind2=' ' tag='035'><subfield code='a'>PATG92-B00860</subfield></datafield><datafield ind1=' ' ind2=' ' tag='035'><subfield code='a'>ocm22909537</subfield></datafield><datafield ind1=' ' ind2=' ' tag='035'><subfield code='a'>(OCLC)ocm22909537</subfield></datafield><datafield ind1=' ' ind2=' ' tag='040'><subfield code='a'>DLC</subfield><subfield code='c'>DLC</subfield><subfield code='d'>DLC</subfield><subfield code='d'>PPT</subfield></datafield><datafield ind1=' ' ind2=' ' tag='079'><subfield code='a'>ocm22909537</subfield></datafield><datafield ind1=' ' ind2=' ' tag='090'><subfield code='a'>PQ2663.I9C58 1991</subfield></datafield><datafield ind1='1' ind2=' ' tag='100'><subfield code='a'>Cixous, Hélène,</subfield><subfield code='d'>1937-</subfield></datafield><datafield ind1='1' ind2='0' tag='245'><subfield code='a'>&quot;Coming to writing&quot; and other essays /</subfield><subfield code='c'>Hélène Cixous ; with an introductory essay by Susan Rubin Suleiman ; edited by Deborah Jenson ; translated by Sarah Cornell ... [et al.].</subfield></datafield><datafield ind1=' ' ind2=' ' tag='260'><subfield code='a'>Cambridge, Mass. :</subfield><subfield code='b'>Harvard University Press,</subfield><subfield code='c'>1991.</subfield></datafield><datafield ind1=' ' ind2=' ' tag='300'><subfield code='a'>xxii, 214 p. ;</subfield><subfield code='c'>22 cm.</subfield></datafield><datafield ind1=' ' ind2=' ' tag='504'><subfield code='a'>Includes bibliographical references and index.</subfield></datafield><datafield ind1='0' ind2=' ' tag='505'><subfield code='a'>&quot;Writing past the wall&quot; / by Susan Rubin Suleiman -- Coming to writing -- Clarice Lispector -- Tancredi continues -- The last painting or the portrait of God -- By the light of an apple -- The author in truth -- &quot;Coming to reading Hélène Cixous&quot; / by Deborah Jenson.</subfield></datafield><datafield ind1='1' ind2='0' tag='700'><subfield code='a'>Jenson, Deborah.</subfield></datafield><datafield ind1=' ' ind2=' ' tag='902'><subfield code='a'>160420</subfield></datafield><datafield ind1=' ' ind2=' ' tag='907'><subfield code='a'>.b15877206</subfield><subfield code='b'>p    </subfield><subfield code='c'>-</subfield></datafield><datafield ind1=' ' ind2=' ' tag='935'><subfield code='a'>00643699</subfield></datafield><datafield ind1=' ' ind2=' ' tag='945'><subfield code='l'>pstk </subfield><subfield code='g'>1</subfield></datafield><datafield ind1=' ' ind2=' ' tag='950'><subfield code='l'>P</subfield><subfield code='i'>01/09/92 N</subfield></datafield><datafield ind1=' ' ind2=' ' tag='955'><subfield code='l'>P</subfield><subfield code='c'>0</subfield><subfield code='r'>39074008499162</subfield><subfield code='i'>01/09/92 C</subfield></datafield><datafield ind1=' ' ind2=' ' tag='979'><subfield code='a'>ocm22909537</subfield></datafield><datafield ind1=' ' ind2=' ' tag='998'><subfield code='b'>1</subfield><subfield code='c'>990101</subfield><subfield code='d'>m</subfield><subfield code='e'>a</subfield><subfield code='f'>-</subfield><subfield code='g'>0</subfield></datafield><datafield ind1=' ' ind2=' ' tag='998'><subfield code='a'>01/09/92</subfield><subfield code='t'>c</subfield><subfield code='s'>9110</subfield><subfield code='n'>PPT</subfield><subfield code='w'>DCLC9026785B</subfield><subfield code='d'>01/09/92</subfield><subfield code='b'>RF</subfield><subfield code='i'>920109</subfield><subfield code='l'>PATG</subfield></datafield><datafield ind1=' ' ind2=' ' tag='ADM'><subfield code='b'>2018-03-15 23:59:51</subfield><subfield code='e'>b15877206-01tuli_inst</subfield><subfield code='d'>ILS</subfield><subfield code='a'>2017-06-20 07:28:36</subfield><subfield code='c'>false</subfield></datafield><datafield ind1='0' ind2=' ' tag='HLD'><subfield code='b'>MAIN</subfield><subfield code='c'>stacks</subfield><subfield code='h'>PQ2663.I9C58 1991</subfield><subfield code='8'>22267166710003811</subfield></datafield><datafield ind1=' ' ind2=' ' tag='ITM'><subfield code='r'>22267166710003811</subfield><subfield code='b'>0</subfield><subfield code='u'>LOAN</subfield><subfield code='h'>0</subfield><subfield code='g'>stacks</subfield><subfield code='t'>BOOK</subfield><subfield code='9'>39074008499162</subfield><subfield code='e'>stacks</subfield><subfield code='8'>23267166700003811</subfield><subfield code='a'>0</subfield><subfield code='q'>2017-06-20 07:28:36</subfield><subfield code='i'>PQ2663.I9C58 1991</subfield><subfield code='d'>MAIN</subfield><subfield code='f'>MAIN</subfield></datafield></record>