
<record xmlns='http://www.loc.gov/MARC21/slim'><leader>01272nam a2200325u  4500</leader><controlfield tag='005'>20180315120957.0</controlfield><controlfield tag='008'>050225s1970    bl            000 0 por d</controlfield><controlfield tag='001'>991003932829703811</controlfield><datafield ind1=' ' ind2=' ' tag='010'><subfield code='a'>73563825</subfield></datafield><datafield ind1=' ' ind2=' ' tag='025'><subfield code='a'>LACAP70-2286</subfield></datafield><datafield ind1=' ' ind2=' ' tag='035'><subfield code='a'>(PPT)b27965892-01tuli_inst</subfield></datafield><datafield ind1=' ' ind2=' ' tag='035'><subfield code='a'>ocn491225954</subfield><subfield code='9'>ExL</subfield></datafield><datafield ind1=' ' ind2=' ' tag='035'><subfield code='a'>MRC09281716 </subfield></datafield><datafield ind1=' ' ind2=' ' tag='035'><subfield code='a'>ocm02071187</subfield></datafield><datafield ind1=' ' ind2=' ' tag='035'><subfield code='a'>(OCLC)ocm02071187</subfield></datafield><datafield ind1=' ' ind2=' ' tag='040'><subfield code='c'>MvI</subfield></datafield><datafield ind1=' ' ind2=' ' tag='079'><subfield code='a'>ocm02071187</subfield></datafield><datafield ind1=' ' ind2=' ' tag='090'><subfield code='a'>PQ9541</subfield><subfield code='b'>.S64</subfield></datafield><datafield ind1='1' ind2=' ' tag='100'><subfield code='a'>Souza, Antonio Cândido Mello e.</subfield></datafield><datafield ind1='1' ind2='0' tag='245'><subfield code='a'>Vários escritos</subfield><subfield code='c'>[por] Antonio Cândido.</subfield></datafield><datafield ind1=' ' ind2=' ' tag='260'><subfield code='a'>São Paulo :</subfield><subfield code='b'>Livraria Duas Cidades,</subfield><subfield code='c'>1970.</subfield></datafield><datafield ind1=' ' ind2=' ' tag='300'><subfield code='a'>188 p. ;</subfield><subfield code='c'>22 cm.</subfield></datafield><datafield ind1='0' ind2=' ' tag='505'><subfield code='a'>Esquema de Machado de Assis. -- Estouro e libertção. -- Oswald viajante. -- Digressão sentimental sôbre Oswald de Andrade. Carta de Rudá de Andrade. -- Inquietudes na poesia de Drummond. -- No raiar de Clarice Lispector. -- Jagunços mineiros de Cláudio a Guimarães Rosa. -- A dois séculos d&apos;O Uraguai. O Uraguai, canto IV, versos 22-109. -- Apoio bibliográfico (p. 187-188).</subfield></datafield><datafield ind1=' ' ind2='0' tag='650'><subfield code='a'>Brazilian literature.</subfield></datafield><datafield ind1=' ' ind2=' ' tag='902'><subfield code='a'>MARCIVE RECON PROJECT</subfield></datafield><datafield ind1=' ' ind2=' ' tag='902'><subfield code='a'>PQ9541</subfield><subfield code='b'>.S64</subfield></datafield><datafield ind1=' ' ind2=' ' tag='907'><subfield code='a'>.b27965892</subfield><subfield code='b'>k    </subfield><subfield code='c'>-</subfield></datafield><datafield ind1=' ' ind2=' ' tag='945'><subfield code='l'>kstk </subfield><subfield code='g'>1</subfield></datafield><datafield ind1=' ' ind2=' ' tag='979'><subfield code='a'>ocm02071187</subfield></datafield><datafield ind1=' ' ind2=' ' tag='998'><subfield code='b'>1</subfield><subfield code='c'>050402</subfield><subfield code='d'>m</subfield><subfield code='e'>a</subfield><subfield code='f'>-</subfield><subfield code='g'>0</subfield></datafield><datafield ind1=' ' ind2=' ' tag='ADM'><subfield code='b'>2018-03-15 16:09:57</subfield><subfield code='e'>b27965892-01tuli_inst</subfield><subfield code='d'>ILS</subfield><subfield code='a'>2017-06-20 12:16:38</subfield><subfield code='c'>false</subfield></datafield><datafield ind1='0' ind2=' ' tag='HLD'><subfield code='b'>KARDON</subfield><subfield code='c'>p_remote</subfield><subfield code='h'>PQ9541</subfield><subfield code='i'>.S64</subfield><subfield code='8'>22317019320003811</subfield></datafield><datafield ind1=' ' ind2=' ' tag='ITM'><subfield code='r'>22317019320003811</subfield><subfield code='b'>0</subfield><subfield code='u'>LOAN</subfield><subfield code='h'>0</subfield><subfield code='g'>p_remote</subfield><subfield code='t'>BOOK</subfield><subfield code='9'>39074013019583</subfield><subfield code='e'>p_remote</subfield><subfield code='8'>23317019310003811</subfield><subfield code='a'>0</subfield><subfield code='q'>2017-06-20 12:16:38</subfield><subfield code='i'>PQ9541 .S64</subfield><subfield code='d'>KARDON</subfield><subfield code='f'>KARDON</subfield></datafield></record>