
<record xmlns='http://www.loc.gov/MARC21/slim'><leader>00922nam  2200241 a 4500</leader><controlfield tag='001'>991036876416403811</controlfield><controlfield tag='005'>20170918232035.0</controlfield><controlfield tag='006'>m     o  d |      </controlfield><controlfield tag='007'>cr -n---------</controlfield><controlfield tag='008'>120511s2012    mauac   ob    001 0deng d</controlfield><datafield ind1=' ' ind2=' ' tag='020'><subfield code='a'>1-280-68905-6</subfield></datafield><datafield ind1=' ' ind2=' ' tag='020'><subfield code='a'>9786613665997</subfield></datafield><datafield ind1=' ' ind2=' ' tag='020'><subfield code='a'>1-58765-933-6</subfield></datafield><datafield ind1=' ' ind2=' ' tag='035'><subfield code='a'>(CKB)2670000000159528</subfield></datafield><datafield ind1=' ' ind2=' ' tag='035'><subfield code='a'>(EBL)3400526</subfield></datafield><datafield ind1=' ' ind2=' ' tag='035'><subfield code='a'>(SSID)ssj0000738925</subfield></datafield><datafield ind1=' ' ind2=' ' tag='035'><subfield code='a'>(PQKBManifestationID)11478394</subfield></datafield><datafield ind1=' ' ind2=' ' tag='035'><subfield code='a'>(PQKBTitleCode)TC0000738925</subfield></datafield><datafield ind1=' ' ind2=' ' tag='035'><subfield code='a'>(PQKBWorkID)10671128</subfield></datafield><datafield ind1=' ' ind2=' ' tag='035'><subfield code='a'>(PQKB)11411116</subfield></datafield><datafield ind1=' ' ind2=' ' tag='035'><subfield code='a'>(MiAaPQ)EBC3400526</subfield></datafield><datafield ind1=' ' ind2=' ' tag='035'><subfield code='a'>(EXLCZ)992670000000159528</subfield></datafield><datafield ind1=' ' ind2=' ' tag='040'><subfield code='a'>MiAaPQ</subfield><subfield code='c'>MiAaPQ</subfield><subfield code='d'>MiAaPQ</subfield></datafield><datafield ind1=' ' ind2=' ' tag='041'><subfield code='a'>eng</subfield></datafield><datafield ind1=' ' ind2='4' tag='050'><subfield code='a'>PN3448.P8</subfield><subfield code='b'>C75 2012</subfield></datafield><datafield ind1='0' ind2='0' tag='082'><subfield code='a'>809.383</subfield></datafield><datafield ind1='1' ind2=' ' tag='100'><subfield code='a'>Rollyson, Carl.</subfield></datafield><datafield ind1='0' ind2='0' tag='245'><subfield code='a'>Critical survey of long fiction</subfield><subfield code='h'>[electronic resource] :</subfield><subfield code='b'>psychological novelists /</subfield><subfield code='c'>editor, Carl Rollyson.</subfield></datafield><datafield ind1=' ' ind2=' ' tag='260'><subfield code='a'>Ipswich, Mass. :</subfield><subfield code='b'>Salem Press,</subfield><subfield code='c'>2012.</subfield></datafield><datafield ind1=' ' ind2=' ' tag='300'><subfield code='a'>1 online resource (284 p.)</subfield></datafield><datafield ind1=' ' ind2=' ' tag='336'><subfield code='a'>text</subfield><subfield code='b'>txt</subfield></datafield><datafield ind1=' ' ind2=' ' tag='337'><subfield code='a'>computer</subfield><subfield code='b'>c</subfield></datafield><datafield ind1=' ' ind2=' ' tag='338'><subfield code='a'>online resource</subfield><subfield code='b'>cr</subfield></datafield><datafield ind1=' ' ind2=' ' tag='500'><subfield code='a'>Description based upon print version of record.</subfield></datafield><datafield ind1='0' ind2=' ' tag='505'><subfield code='a'>&quot;&quot;Contents&quot;&quot;; &quot;&quot;Contributors iv&quot;&quot;; &quot;&quot;Psychological Long Fiction 1&quot;&quot;; &quot;&quot;Ayi Kwei Armah 9&quot;&quot;; &quot;&quot;Hermann Broch 23&quot;&quot;; &quot;&quot;Jean Cocteau 35&quot;&quot;; &quot;&quot;JosÃ© Donoso 45&quot;&quot;; &quot;&quot;Ivan Goncharov 59&quot;&quot;; &quot;&quot;Shirley Ann Grau 68&quot;&quot;; &quot;&quot;Jane Hamilton 80&quot;&quot;; &quot;&quot;Bessie Head 85&quot;&quot;; &quot;&quot;Franz Kafka 90&quot;&quot;; &quot;&quot;Madame de La Fayette 102&quot;&quot;; &quot;&quot;Clarice Lispector 111&quot;&quot;; &quot;&quot;Malcolm Lowry 119&quot;&quot;; &quot;&quot;Hugh MacLennan 133&quot;&quot;; &quot;&quot;Kate Oâ€?Brien 145&quot;&quot;; &quot;&quot;Amos Oz 153&quot;&quot;; &quot;&quot;Walker Percy 159&quot;&quot;; &quot;&quot;Dorothy Richardson 175&quot;&quot;; &quot;&quot;Laurence Sterne 186&quot;&quot;; &quot;&quot;August Strindberg 201&quot;&quot;; &quot;&quot;Anthony Trollope 215&quot;&quot;; &quot;&quot;Robert Penn Warren 229&quot;&quot;; &quot;&quot;Angus Wilson 244&quot;&quot;</subfield></datafield><datafield ind1='8' ind2=' ' tag='505'><subfield code='a'>&quot;&quot;Bibliography 255&quot;&quot;&quot;&quot;Glossary of Literary Terms 258&quot;&quot;; &quot;&quot;Guide to Online Resources 270&quot;&quot;; &quot;&quot;Geographical Index 275&quot;&quot;; &quot;&quot;Subject Index 276&quot;&quot;</subfield></datafield><datafield ind1=' ' ind2=' ' tag='546'><subfield code='a'>English</subfield></datafield><datafield ind1=' ' ind2=' ' tag='504'><subfield code='a'>Includes bibliographical references and indexes.</subfield></datafield><datafield ind1=' ' ind2='0' tag='650'><subfield code='a'>Psychological fiction.</subfield></datafield><datafield ind1=' ' ind2='4' tag='655'><subfield code='a'>Electronic books.</subfield></datafield><datafield ind1=' ' ind2=' ' tag='776'><subfield code='z'>1-4298-3682-2</subfield></datafield><datafield ind1='1' ind2=' ' tag='700'><subfield code='a'>Rollyson, Carl E.</subfield><subfield code='q'>(Carl Edmund)</subfield></datafield><datafield ind1=' ' ind2=' ' tag='906'><subfield code='a'>BOOK</subfield></datafield><datafield ind1=' ' ind2=' ' tag='ADM'><subfield code='b'>2018-02-05 06:48:43</subfield><subfield code='e'>2670000000159528</subfield><subfield code='d'>EBC</subfield><subfield code='a'>2012-05-06 07:18:00</subfield><subfield code='c'>false</subfield></datafield><datafield ind1=' ' ind2=' ' tag='PRT'><subfield code='a'>53412752360003811</subfield><subfield code='b'>https://sandbox01-na.alma.exlibrisgroup.com/view/uresolver/01TULI_INST/openurl?u.ignore_date_coverage=true&amp;rft.mms_id=991036876416403811</subfield><subfield code='e'>EBSCOhost</subfield><subfield code='9'>Available</subfield><subfield code='c'>EBSCOhost eBook Community College Collection</subfield><subfield code='h'>613860000000000003</subfield><subfield code='8'>53412752360003811</subfield></datafield></record>