
<record xmlns='http://www.loc.gov/MARC21/slim'><leader>02302cam a2200445 a 4500</leader><controlfield tag='005'>20180315214053.0</controlfield><controlfield tag='008'>060418s2004    bl       b    000 0 por d</controlfield><controlfield tag='001'>991032786299703811</controlfield><datafield ind1=' ' ind2=' ' tag='010'><subfield code='a'>2006338736</subfield></datafield><datafield ind1=' ' ind2=' ' tag='020'><subfield code='a'>8570414420</subfield></datafield><datafield ind1=' ' ind2=' ' tag='020'><subfield code='a'>9788570414427</subfield></datafield><datafield ind1=' ' ind2=' ' tag='035'><subfield code='a'>(PPT)b53893839-01tuli_inst</subfield></datafield><datafield ind1=' ' ind2=' ' tag='035'><subfield code='a'>(OCoLC)ocn832344083</subfield><subfield code='9'>ExL</subfield></datafield><datafield ind1=' ' ind2=' ' tag='035'><subfield code='a'>(OCoLC)58973672</subfield></datafield><datafield ind1=' ' ind2=' ' tag='035'><subfield code='a'>ocm58973672</subfield></datafield><datafield ind1=' ' ind2=' ' tag='035'><subfield code='a'>(OCLC)ocm58973672</subfield></datafield><datafield ind1=' ' ind2=' ' tag='040'><subfield code='a'>IQU</subfield><subfield code='b'>eng</subfield><subfield code='c'>IQU</subfield><subfield code='d'>DLC</subfield><subfield code='d'>FDA</subfield><subfield code='d'>NLGGC</subfield><subfield code='d'>PPT</subfield></datafield><datafield ind1=' ' ind2=' ' tag='042'><subfield code='a'>lccopycat</subfield><subfield code='a'>lcode</subfield></datafield><datafield ind1=' ' ind2=' ' tag='043'><subfield code='a'>s-bl---</subfield></datafield><datafield ind1=' ' ind2=' ' tag='079'><subfield code='a'>ocm58973672</subfield></datafield><datafield ind1=' ' ind2=' ' tag='090'><subfield code='a'>F2538</subfield><subfield code='b'>.S24 2004</subfield></datafield><datafield ind1='1' ind2=' ' tag='100'><subfield code='a'>Santiago, Silviano.</subfield></datafield><datafield ind1='1' ind2='2' tag='245'><subfield code='a'>O cosmopolitismo do pobre :</subfield><subfield code='b'>crítica literária e crítica cultural /</subfield><subfield code='c'>Silviano Santiago.</subfield></datafield><datafield ind1=' ' ind2=' ' tag='260'><subfield code='a'>Belo Horizonte :</subfield><subfield code='b'>Editora UFMG,</subfield><subfield code='c'>2004.</subfield></datafield><datafield ind1=' ' ind2=' ' tag='300'><subfield code='a'>250 p. ;</subfield><subfield code='c'>23 cm.</subfield></datafield><datafield ind1='1' ind2=' ' tag='490'><subfield code='a'>Humanitas ;</subfield><subfield code='v'>115</subfield></datafield><datafield ind1=' ' ind2=' ' tag='500'><subfield code='a'>Chiefly articles previously published in various publications, 1991-2004.</subfield></datafield><datafield ind1=' ' ind2=' ' tag='504'><subfield code='a'>Includes bibliographical references.</subfield></datafield><datafield ind1='0' ind2=' ' tag='505'><subfield code='a'>Atração do mundo : políticas de globalização e de identidade na moderna cultura brasileira -- O cosmopolitismo do pobre -- Uma literatura anfíbia -- Outubro retalhado (entre estocolmo e frankfurt) -- Os bestializados, I &amp; II -- Literatura e cultura de massa -- Intensidades discursivas -- A democratização no Brasil, 1979-1981 : cultura versus arte -- A crítica literária no jornal -- Leitor e cidadania -- O homossexual astucioso : primeiras, e necessariamente  apressadas, anotações -- Cadê zazá? Ou a vida como obra de arte -- A ameaça do lobisomem -- A aula inaugural de Clarice Lispector : cotidiano, labor e esperança.</subfield></datafield><datafield ind1=' ' ind2='0' tag='651'><subfield code='a'>Brazil</subfield><subfield code='x'>Civilization</subfield><subfield code='y'>20th century.</subfield></datafield><datafield ind1=' ' ind2='0' tag='650'><subfield code='a'>Brazilian literature</subfield><subfield code='y'>20th century</subfield><subfield code='x'>History and criticism.</subfield></datafield><datafield ind1=' ' ind2='0' tag='650'><subfield code='a'>Internationalism in literature.</subfield></datafield><datafield ind1='0' ind2='8' tag='776'><subfield code='i'>Online version:</subfield><subfield code='a'>Santiago, Silviano.</subfield><subfield code='t'>Cosmopolitismo do pobre.</subfield><subfield code='d'>Belo Horizonte : Editora UFMG, 2004</subfield><subfield code='w'>(OCoLC)607181283</subfield></datafield><datafield ind1='0' ind2='8' tag='776'><subfield code='i'>Online version:</subfield><subfield code='a'>Santiago, Silviano.</subfield><subfield code='t'>Cosmopolitismo do pobre.</subfield><subfield code='d'>Belo Horizonte : Editora UFMG, 2004</subfield><subfield code='w'>(OCoLC)609125177</subfield></datafield><datafield ind1=' ' ind2='0' tag='830'><subfield code='a'>Humanitas (Belo Horizonte, Brazil) ;</subfield><subfield code='v'>115.</subfield></datafield><datafield ind1=' ' ind2=' ' tag='907'><subfield code='a'>.b53893839</subfield><subfield code='b'>p    </subfield><subfield code='c'>-</subfield></datafield><datafield ind1=' ' ind2=' ' tag='945'><subfield code='l'>pstk </subfield><subfield code='g'>1</subfield></datafield><datafield ind1=' ' ind2=' ' tag='979'><subfield code='a'>ocm58973672</subfield></datafield><datafield ind1=' ' ind2=' ' tag='998'><subfield code='b'>0</subfield><subfield code='c'>130315</subfield><subfield code='d'>m</subfield><subfield code='e'>a</subfield><subfield code='f'>-</subfield><subfield code='g'>2</subfield></datafield><datafield ind1=' ' ind2=' ' tag='998'><subfield code='a'>03/15/13</subfield><subfield code='s'>OCLC</subfield><subfield code='c'>cep </subfield></datafield><datafield ind1=' ' ind2=' ' tag='ADM'><subfield code='b'>2018-03-16 01:40:53</subfield><subfield code='e'>b53893839-01tuli_inst</subfield><subfield code='d'>ILS</subfield><subfield code='a'>2017-06-20 11:57:22</subfield><subfield code='c'>false</subfield></datafield><datafield ind1='0' ind2=' ' tag='HLD'><subfield code='b'>MAIN</subfield><subfield code='c'>stacks</subfield><subfield code='h'>F2538</subfield><subfield code='i'>.S24 2004</subfield><subfield code='8'>22314823130003811</subfield></datafield><datafield ind1=' ' ind2=' ' tag='ITM'><subfield code='r'>22314823130003811</subfield><subfield code='b'>1</subfield><subfield code='h'>0</subfield><subfield code='g'>stacks</subfield><subfield code='t'>BOOK</subfield><subfield code='9'>39074028293470</subfield><subfield code='e'>stacks</subfield><subfield code='8'>23314823120003811</subfield><subfield code='a'>0</subfield><subfield code='q'>2017-06-20 11:57:22</subfield><subfield code='i'>F2538 .S24 2004</subfield><subfield code='d'>MAIN</subfield><subfield code='f'>MAIN</subfield></datafield></record>