
<record xmlns='http://www.loc.gov/MARC21/slim'><leader>02154nam a2200445 a 4500</leader><controlfield tag='005'>20180322150333.0</controlfield><controlfield tag='008'>991014s1999    nmu      b   s000 0 eng  </controlfield><controlfield tag='001'>991006843839703811</controlfield><datafield ind1=' ' ind2=' ' tag='010'><subfield code='a'>99006197</subfield></datafield><datafield ind1=' ' ind2=' ' tag='020'><subfield code='a'>082632049X</subfield></datafield><datafield ind1=' ' ind2=' ' tag='020'><subfield code='a'>0826320457</subfield></datafield><datafield ind1=' ' ind2=' ' tag='035'><subfield code='a'>(PPT)b19545332-01tuli_inst</subfield></datafield><datafield ind1=' ' ind2=' ' tag='035'><subfield code='a'>(CStRLIN)ocn475718051</subfield><subfield code='9'>ExL</subfield></datafield><datafield ind1=' ' ind2=' ' tag='035'><subfield code='a'>PATG99-B11350</subfield></datafield><datafield ind1=' ' ind2=' ' tag='035'><subfield code='a'>ocm40901004</subfield></datafield><datafield ind1=' ' ind2=' ' tag='035'><subfield code='a'>(OCLC)ocm40901004</subfield></datafield><datafield ind1=' ' ind2=' ' tag='040'><subfield code='a'>DLC</subfield><subfield code='c'>DLC</subfield><subfield code='d'>DLC</subfield></datafield><datafield ind1=' ' ind2=' ' tag='043'><subfield code='a'>cl-----</subfield></datafield><datafield ind1=' ' ind2=' ' tag='079'><subfield code='a'>ocm40901004</subfield></datafield><datafield ind1=' ' ind2=' ' tag='090'><subfield code='a'>PQ7081.A1</subfield><subfield code='b'>P37 1999b</subfield></datafield><datafield ind1='0' ind2='0' tag='245'><subfield code='a'>Passion, memory, and identity /</subfield><subfield code='c'>edited by Marjorie Agosín.</subfield></datafield><datafield ind1=' ' ind2=' ' tag='250'><subfield code='a'>1st ed.</subfield></datafield><datafield ind1=' ' ind2=' ' tag='260'><subfield code='a'>Albuquerque :</subfield><subfield code='b'>University of New Mexico Press,</subfield><subfield code='c'>c1999.</subfield></datafield><datafield ind1=' ' ind2=' ' tag='300'><subfield code='a'>xlii, 217 p. ;</subfield><subfield code='c'>22 cm.</subfield></datafield><datafield ind1=' ' ind2='0' tag='440'><subfield code='a'>Jewish Latin America</subfield></datafield><datafield ind1=' ' ind2=' ' tag='500'><subfield code='a'>&quot;Twentieth-century Latin American Jewish women writers&quot;--P. opp. t.p.</subfield></datafield><datafield ind1=' ' ind2=' ' tag='504'><subfield code='a'>Includes bibliographical references.</subfield></datafield><datafield ind1='0' ind2=' ' tag='505'><subfield code='a'>On separate ground / Ilan Stavans -- Mapping the Jewish female voice in contemporary Mexican narrative / Magdalena Maíz-Peña -- Recent Argentine women writers of Jewish descent / David William Foster -- Brazilian Jewish women writers at the crossroads / Regina Igel -- Clarice Lispector&apos;s Jewish universe: passion in search of narrative identity / Nelson H. Vieira -- Emigrant memory : Jewish women writers in Chile and Uruguay / Elizabeth Rosa Horan -- Venezuelan Jewish women writers and the search for heritage / Joan Esther Friedman -- In search of the Cuban Jewish woman writer: a trialogue = un triálogo / Ruth Behar, Ester Shapiro Rok, and Rosa Lowinger.</subfield></datafield><datafield ind1=' ' ind2='0' tag='650'><subfield code='a'>Latin American literature</subfield><subfield code='x'>Jewish authors</subfield><subfield code='x'>History and criticism.</subfield></datafield><datafield ind1=' ' ind2='0' tag='650'><subfield code='a'>Latin American literature</subfield><subfield code='x'>Women authors</subfield><subfield code='x'>History and criticism.</subfield></datafield><datafield ind1=' ' ind2='0' tag='650'><subfield code='a'>Jewish women in literature.</subfield></datafield><datafield ind1=' ' ind2='0' tag='650'><subfield code='a'>Identity (Psychology) in literature.</subfield></datafield><datafield ind1='1' ind2=' ' tag='700'><subfield code='a'>Agosin, Marjorie.</subfield></datafield><datafield ind1=' ' ind2='1' tag='901'><subfield code='l'>pstk</subfield><subfield code='a'>PQ7081.A1</subfield><subfield code='b'>P37 1999b</subfield><subfield code='t'>0</subfield><subfield code='s'>b</subfield><subfield code='z'>090</subfield></datafield><datafield ind1=' ' ind2=' ' tag='907'><subfield code='a'>.b19545332</subfield><subfield code='b'>p    </subfield><subfield code='c'>-</subfield></datafield><datafield ind1=' ' ind2=' ' tag='945'><subfield code='l'>pstk </subfield><subfield code='g'>1</subfield></datafield><datafield ind1=' ' ind2=' ' tag='950'><subfield code='l'>P</subfield></datafield><datafield ind1=' ' ind2=' ' tag='979'><subfield code='a'>ocm40901004</subfield></datafield><datafield ind1=' ' ind2=' ' tag='998'><subfield code='b'>1</subfield><subfield code='c'>991015</subfield><subfield code='d'>m</subfield><subfield code='e'>a</subfield><subfield code='f'>-</subfield><subfield code='g'>0</subfield></datafield><datafield ind1=' ' ind2=' ' tag='998'><subfield code='a'>10/14/99</subfield><subfield code='t'>c</subfield><subfield code='s'>9110</subfield><subfield code='l'>PATG</subfield><subfield code='n'>PPT</subfield><subfield code='w'>DCLC996197B</subfield><subfield code='d'>10/14/99</subfield><subfield code='c'>AT </subfield><subfield code='b'>AT</subfield></datafield><datafield ind1='0' ind2=' ' tag='HLD'><subfield code='b'>MAIN</subfield><subfield code='c'>stacks</subfield><subfield code='h'>PQ7081.A1</subfield><subfield code='i'>P37 1999b</subfield><subfield code='8'>22322809790003811</subfield></datafield><datafield ind1=' ' ind2=' ' tag='ITM'><subfield code='b'>0</subfield><subfield code='h'>0</subfield><subfield code='g'>stacks</subfield><subfield code='9'>39074015951163</subfield><subfield code='e'>stacks</subfield><subfield code='8'>23322809780003811</subfield><subfield code='a'>0</subfield><subfield code='q'>2017-06-20 13:07:21</subfield><subfield code='i'>PQ7081.A1 P37 1999b</subfield><subfield code='d'>MAIN</subfield><subfield code='r'>2018-04-30 20:57:37</subfield><subfield code='f'>MAIN</subfield></datafield></record>