
<record xmlns='http://www.loc.gov/MARC21/slim'><leader>01809nam  2200397 i 4500</leader><controlfield tag='001'>991036749122603811</controlfield><controlfield tag='005'>20170822143102.0</controlfield><controlfield tag='006'>m     o  d |      </controlfield><controlfield tag='007'>cr -n---------</controlfield><controlfield tag='008'>160114t20162016maua    ob    001 0 eng d</controlfield><datafield ind1=' ' ind2=' ' tag='010'><subfield code='a'>2015040768</subfield></datafield><datafield ind1=' ' ind2=' ' tag='020'><subfield code='a'>1-61168-857-4</subfield></datafield><datafield ind1=' ' ind2=' ' tag='035'><subfield code='a'>(CKB)3710000000493461</subfield></datafield><datafield ind1=' ' ind2=' ' tag='035'><subfield code='a'>(EBL)4227820</subfield></datafield><datafield ind1=' ' ind2=' ' tag='035'><subfield code='a'>(SSID)ssj0001570887</subfield></datafield><datafield ind1=' ' ind2=' ' tag='035'><subfield code='a'>(PQKBManifestationID)16220097</subfield></datafield><datafield ind1=' ' ind2=' ' tag='035'><subfield code='a'>(PQKBTitleCode)TC0001570887</subfield></datafield><datafield ind1=' ' ind2=' ' tag='035'><subfield code='a'>(PQKBWorkID)14809426</subfield></datafield><datafield ind1=' ' ind2=' ' tag='035'><subfield code='a'>(PQKB)10234771</subfield></datafield><datafield ind1=' ' ind2=' ' tag='035'><subfield code='a'>(PQKBManifestationID)16163883</subfield></datafield><datafield ind1=' ' ind2=' ' tag='035'><subfield code='a'>(PQKBWorkID)14809427</subfield></datafield><datafield ind1=' ' ind2=' ' tag='035'><subfield code='a'>(PQKB)22029046</subfield></datafield><datafield ind1=' ' ind2=' ' tag='035'><subfield code='a'>(MiAaPQ)EBC4227820</subfield></datafield><datafield ind1=' ' ind2=' ' tag='035'><subfield code='a'>(EXLCZ)993710000000493461</subfield></datafield><datafield ind1=' ' ind2=' ' tag='040'><subfield code='a'>MiAaPQ</subfield><subfield code='b'>eng</subfield><subfield code='e'>rda</subfield><subfield code='e'>pn</subfield><subfield code='c'>MiAaPQ</subfield><subfield code='d'>MiAaPQ</subfield></datafield><datafield ind1=' ' ind2=' ' tag='041'><subfield code='a'>eng</subfield></datafield><datafield ind1=' ' ind2=' ' tag='043'><subfield code='a'>cl-----</subfield></datafield><datafield ind1=' ' ind2='4' tag='050'><subfield code='a'>PN810.H65</subfield><subfield code='b'>.A394 2016</subfield></datafield><datafield ind1=' ' ind2=' ' tag='082'><subfield code='a'>860.9/358405318</subfield></datafield><datafield ind1='1' ind2=' ' tag='100'><subfield code='a'>Aizenberg, Edna,</subfield><subfield code='e'>author.</subfield></datafield><datafield ind1='1' ind2='0' tag='245'><subfield code='a'>On the edge of the Holocaust :</subfield><subfield code='b'>the Shoah in Latin American literature and culture /</subfield><subfield code='c'>Edna Aizenberg.</subfield></datafield><datafield ind1=' ' ind2='1' tag='264'><subfield code='a'>Waltham, Massachusetts :</subfield><subfield code='b'>Brandeis University Press,</subfield><subfield code='c'>2016.</subfield></datafield><datafield ind1=' ' ind2='4' tag='264'><subfield code='c'>©2016</subfield></datafield><datafield ind1=' ' ind2=' ' tag='300'><subfield code='a'>1 online resource (202 p.)</subfield></datafield><datafield ind1=' ' ind2=' ' tag='336'><subfield code='a'>text</subfield><subfield code='b'>txt</subfield></datafield><datafield ind1=' ' ind2=' ' tag='337'><subfield code='a'>computer</subfield><subfield code='b'>c</subfield></datafield><datafield ind1=' ' ind2=' ' tag='338'><subfield code='a'>online resource</subfield><subfield code='b'>cr</subfield></datafield><datafield ind1=' ' ind2=' ' tag='500'><subfield code='a'>Description based upon print version of record.</subfield></datafield><datafield ind1='0' ind2=' ' tag='505'><subfield code='a'>Cover; Title Page; Contents; Preface: Didn&apos;t All the Nazis Go to Argentina?; 1 | &quot;Deutsches Requiem&quot; | Jorge Luis Borges &quot;Represents&quot; the Shoah; 2 | Besieged in Berne | Clarice Lispector and the Murmur of Catastrophe; 3 | Good-bye Jewish Gaucho | Alberto Gerchunoff, Anti-Nazi; 4 | Diplomacy, Literature, Rescue | João Guimarães Rosa, Consul in Hamburg; 5 | Not Just Children&apos;s Poetry | Gabriela Mistral,  Consul in Nice; Epilogue | The Anti-Nazis Were There Too; Notes; Index</subfield></datafield><datafield ind1=' ' ind2=' ' tag='520'><subfield code='a'>Sheds new light on the views and attitudes of Latin American writers during the Nazi era</subfield></datafield><datafield ind1=' ' ind2=' ' tag='546'><subfield code='a'>English</subfield></datafield><datafield ind1=' ' ind2=' ' tag='504'><subfield code='a'>Includes bibliographical references and index.</subfield></datafield><datafield ind1=' ' ind2=' ' tag='588'><subfield code='a'>Description based on print version record.</subfield></datafield><datafield ind1=' ' ind2='0' tag='650'><subfield code='a'>Latin American literature</subfield><subfield code='y'>20th century</subfield><subfield code='x'>History and criticism.</subfield></datafield><datafield ind1=' ' ind2='0' tag='650'><subfield code='a'>Holocaust, Jewish (1939-1945), in literature.</subfield></datafield><datafield ind1=' ' ind2='0' tag='650'><subfield code='a'>Authors, Argentine</subfield><subfield code='x'>Political and social views.</subfield></datafield><datafield ind1=' ' ind2='0' tag='650'><subfield code='a'>Authors, Brazilian</subfield><subfield code='x'>Political and social views.</subfield></datafield><datafield ind1=' ' ind2='0' tag='650'><subfield code='a'>Authors, Chilean</subfield><subfield code='x'>Political and social views.</subfield></datafield><datafield ind1=' ' ind2='0' tag='650'><subfield code='a'>Anti-Nazi movement</subfield><subfield code='z'>Latin America</subfield><subfield code='x'>History.</subfield></datafield><datafield ind1=' ' ind2='4' tag='655'><subfield code='a'>Electronic books.</subfield></datafield><datafield ind1=' ' ind2=' ' tag='776'><subfield code='z'>1-61168-856-6</subfield></datafield><datafield ind1=' ' ind2=' ' tag='776'><subfield code='z'>1-61168-855-8</subfield></datafield><datafield ind1=' ' ind2=' ' tag='906'><subfield code='a'>BOOK</subfield></datafield><datafield ind1=' ' ind2=' ' tag='PRT'><subfield code='a'>53395467970003811</subfield><subfield code='b'>https://sandbox01-na.alma.exlibrisgroup.com/view/uresolver/01TULI_INST/openurl?u.ignore_date_coverage=true&amp;rft.mms_id=991036749122603811</subfield><subfield code='e'>EBSCOhost</subfield><subfield code='c'>EBSCOhost Academic eBook Collection (North America)</subfield><subfield code='h'>613640000000000029</subfield><subfield code='8'>53395467970003811</subfield></datafield><datafield ind1=' ' ind2=' ' tag='PRT'><subfield code='a'>53422815760003811</subfield><subfield code='b'>https://sandbox01-na.alma.exlibrisgroup.com/view/uresolver/01TULI_INST/openurl?u.ignore_date_coverage=true&amp;rft.mms_id=991036749122603811</subfield><subfield code='e'>Ebook Central</subfield><subfield code='c'>Ebook Central Academic Complete</subfield><subfield code='h'>614200000000000002</subfield><subfield code='8'>53422815760003811</subfield></datafield></record>