
<record xmlns='http://www.loc.gov/MARC21/slim'><leader>02455cam a2200433 a 4500</leader><controlfield tag='005'>20180315213940.0</controlfield><controlfield tag='008'>121126s2012    enk      b    001 0 eng c</controlfield><controlfield tag='001'>991032531909703811</controlfield><datafield ind1=' ' ind2=' ' tag='010'><subfield code='a'>2012288846</subfield></datafield><datafield ind1=' ' ind2=' ' tag='020'><subfield code='a'>9781855662360</subfield></datafield><datafield ind1=' ' ind2=' ' tag='020'><subfield code='a'>1855662361</subfield></datafield><datafield ind1=' ' ind2=' ' tag='035'><subfield code='a'>(PPT)b53822304-01tuli_inst</subfield></datafield><datafield ind1=' ' ind2=' ' tag='035'><subfield code='a'>(OCoLC)ocn832341872</subfield><subfield code='9'>ExL</subfield></datafield><datafield ind1=' ' ind2=' ' tag='035'><subfield code='a'>(OCoLC)731911000</subfield></datafield><datafield ind1=' ' ind2=' ' tag='035'><subfield code='a'>ocn731911000</subfield></datafield><datafield ind1=' ' ind2=' ' tag='035'><subfield code='a'>(OCLC)ocn731911000</subfield></datafield><datafield ind1=' ' ind2=' ' tag='040'><subfield code='a'>BTCTA</subfield><subfield code='b'>eng</subfield><subfield code='c'>BTCTA</subfield><subfield code='d'>DLC</subfield><subfield code='d'>UKMGB</subfield><subfield code='d'>DEBBG</subfield><subfield code='d'>YDXCP</subfield><subfield code='d'>YNK</subfield><subfield code='d'>CDX</subfield><subfield code='d'>TJC</subfield><subfield code='d'>PUL</subfield><subfield code='d'>STF</subfield><subfield code='d'>ZCU</subfield><subfield code='d'>BWX</subfield></datafield><datafield ind1=' ' ind2=' ' tag='042'><subfield code='a'>pcc</subfield></datafield><datafield ind1=' ' ind2=' ' tag='043'><subfield code='a'>cl-----</subfield></datafield><datafield ind1=' ' ind2=' ' tag='049'><subfield code='a'>IG$A</subfield></datafield><datafield ind1=' ' ind2=' ' tag='079'><subfield code='a'>ocn731911000</subfield></datafield><datafield ind1=' ' ind2=' ' tag='090'><subfield code='a'>PQ7081.5</subfield><subfield code='b'>.C66 2012</subfield></datafield><datafield ind1='0' ind2='2' tag='245'><subfield code='a'>A companion to Latin American women writers /</subfield><subfield code='c'>edited by Brígida M. Pastor and Lloyd Hughes Davies.</subfield></datafield><datafield ind1=' ' ind2=' ' tag='260'><subfield code='a'>Woodbridge, Suffolk ;</subfield><subfield code='a'>Rochester, NY :</subfield><subfield code='b'>Tamesis,</subfield><subfield code='c'>2012.</subfield></datafield><datafield ind1=' ' ind2=' ' tag='300'><subfield code='a'>253 p. ;</subfield><subfield code='c'>24 cm.</subfield></datafield><datafield ind1='1' ind2=' ' tag='490'><subfield code='a'>Colección Támesis. Serie A, Monografías ;</subfield><subfield code='v'>304</subfield></datafield><datafield ind1=' ' ind2=' ' tag='504'><subfield code='a'>Includes bibliographical references (p. [217]-239) and index.</subfield></datafield><datafield ind1='0' ind2=' ' tag='505'><subfield code='a'>Introduction : the feminine voice in Latin American literature / Brígida M. Pastor and Lloyd Hughes Davies -- Sor Juana Inés de la Cruz (1648/51?-1695) / Nina M. Scott -- Gertrudis Gómez de Avellaneda (1814-1873) / Brígida M. Pastor -- Gabriela Mistral (1889-1957) / Joanna Crow -- Alfonsina Storni (1892-1938) / Jo Evans -- Silvina Ocampo (1903-1993) / Fiona J. Mackintosh -- Clarice Lispector (1920-1977) / Stephen Hart -- Rosario Castellanos (1925-1974) / Nuala Finnegan -- Elena Poniatowska (1933- ) / Teresa Hurley -- Alejandra Pizarnik (1936-1972) / John McCulloch -- Luisa Valenzuela (1938- ) / Sharon Maginarelli -- Isabel Allende (1942- ) / Philip Swanson -- Rosario Ferré (1938- ) / Denise DuPont -- Laura Esquivel (1950- ) / Claire Taylor -- Laura Restrepo (1950- ) / Lloyd Hughes Davies -- Conclusion / Brígida M. Pastor and Lloyd Hughes Davies.</subfield></datafield><datafield ind1=' ' ind2=' ' tag='541'><subfield code='a'>Mellman, Leonard ;</subfield><subfield code='c'>Gift ;</subfield><subfield code='d'>2013</subfield></datafield><datafield ind1=' ' ind2='0' tag='650'><subfield code='a'>Latin American literature</subfield><subfield code='x'>Women authors</subfield><subfield code='x'>History and criticism.</subfield></datafield><datafield ind1='1' ind2=' ' tag='700'><subfield code='a'>Pastor, Brigida M.,</subfield><subfield code='d'>1967-</subfield></datafield><datafield ind1='1' ind2=' ' tag='700'><subfield code='a'>Davies, Lloyd Hughes.</subfield></datafield><datafield ind1=' ' ind2='0' tag='830'><subfield code='a'>Colección Támesis.</subfield><subfield code='n'>Serie A,</subfield><subfield code='p'>Monografías ;</subfield><subfield code='v'>304.</subfield></datafield><datafield ind1='4' ind2=' ' tag='856'><subfield code='u'>http://digitool.hbz-nrw.de:1801/webclient/DeliveryManager?pid=4932769etcustom_att_2=simple_viewer</subfield><subfield code='3'>Table of Contents</subfield></datafield><datafield ind1=' ' ind2=' ' tag='907'><subfield code='a'>.b53822304</subfield><subfield code='b'>p    </subfield><subfield code='c'>-</subfield></datafield><datafield ind1=' ' ind2=' ' tag='945'><subfield code='l'>pstk </subfield><subfield code='g'>1</subfield></datafield><datafield ind1=' ' ind2=' ' tag='979'><subfield code='a'>ocn731911000</subfield></datafield><datafield ind1=' ' ind2=' ' tag='998'><subfield code='b'>1</subfield><subfield code='c'>130307</subfield><subfield code='d'>m</subfield><subfield code='e'>a</subfield><subfield code='f'>-</subfield><subfield code='g'>2</subfield></datafield><datafield ind1=' ' ind2=' ' tag='998'><subfield code='b'>1</subfield><subfield code='c'>130307</subfield><subfield code='d'>m</subfield><subfield code='e'>a</subfield><subfield code='f'>-</subfield><subfield code='g'>2</subfield></datafield><datafield ind1=' ' ind2=' ' tag='ADM'><subfield code='b'>2018-03-16 01:39:40</subfield><subfield code='e'>b53822304-01tuli_inst</subfield><subfield code='d'>ILS</subfield><subfield code='a'>2017-06-20 06:42:46</subfield><subfield code='c'>false</subfield></datafield><datafield ind1='0' ind2=' ' tag='HLD'><subfield code='b'>MAIN</subfield><subfield code='c'>stacks</subfield><subfield code='h'>PQ7081.5</subfield><subfield code='i'>.C66 2012</subfield><subfield code='8'>22253136990003811</subfield></datafield><datafield ind1=' ' ind2=' ' tag='ITM'><subfield code='r'>22253136990003811</subfield><subfield code='b'>1</subfield><subfield code='h'>0</subfield><subfield code='g'>stacks</subfield><subfield code='t'>BOOK</subfield><subfield code='9'>39074026406348</subfield><subfield code='e'>stacks</subfield><subfield code='8'>23253136980003811</subfield><subfield code='a'>0</subfield><subfield code='q'>2017-06-20 06:42:46</subfield><subfield code='i'>PQ7081.5 .C66 2012</subfield><subfield code='d'>MAIN</subfield><subfield code='f'>MAIN</subfield></datafield></record>