
<record xmlns='http://www.loc.gov/MARC21/slim'><leader>01043nam  2200265 a 4500</leader><controlfield tag='001'>991036861616803811</controlfield><controlfield tag='005'>20170814182711.0</controlfield><controlfield tag='006'>m     o  d |      </controlfield><controlfield tag='007'>cr -n---------</controlfield><controlfield tag='008'>121015s2012    enk     ob    001 0 eng d</controlfield><datafield ind1=' ' ind2=' ' tag='020'><subfield code='a'>1-283-83665-3</subfield></datafield><datafield ind1=' ' ind2=' ' tag='020'><subfield code='a'>1-84615-830-3</subfield></datafield><datafield ind1=' ' ind2=' ' tag='035'><subfield code='a'>(CKB)2670000000270492</subfield></datafield><datafield ind1=' ' ind2=' ' tag='035'><subfield code='a'>(EBL)1043069</subfield></datafield><datafield ind1=' ' ind2=' ' tag='035'><subfield code='a'>(OCoLC)815671608</subfield></datafield><datafield ind1=' ' ind2=' ' tag='035'><subfield code='a'>(SSID)ssj0000780500</subfield></datafield><datafield ind1=' ' ind2=' ' tag='035'><subfield code='a'>(PQKBManifestationID)11455901</subfield></datafield><datafield ind1=' ' ind2=' ' tag='035'><subfield code='a'>(PQKBTitleCode)TC0000780500</subfield></datafield><datafield ind1=' ' ind2=' ' tag='035'><subfield code='a'>(PQKBWorkID)10785350</subfield></datafield><datafield ind1=' ' ind2=' ' tag='035'><subfield code='a'>(PQKB)11422679</subfield></datafield><datafield ind1=' ' ind2=' ' tag='035'><subfield code='a'>(UkCbUP)CR9781846158308</subfield></datafield><datafield ind1=' ' ind2=' ' tag='035'><subfield code='a'>(MiAaPQ)EBC1043069</subfield></datafield><datafield ind1=' ' ind2=' ' tag='035'><subfield code='a'>(EXLCZ)992670000000270492</subfield></datafield><datafield ind1=' ' ind2=' ' tag='040'><subfield code='a'>MiAaPQ</subfield><subfield code='c'>MiAaPQ</subfield><subfield code='d'>MiAaPQ</subfield></datafield><datafield ind1=' ' ind2=' ' tag='041'><subfield code='a'>eng</subfield></datafield><datafield ind1=' ' ind2=' ' tag='043'><subfield code='a'>cl-----</subfield></datafield><datafield ind1=' ' ind2='4' tag='050'><subfield code='a'>PQ7081.5</subfield><subfield code='b'>.C66 2012</subfield></datafield><datafield ind1='0' ind2='0' tag='082'><subfield code='a'>860.99287098</subfield></datafield><datafield ind1='1' ind2=' ' tag='100'><subfield code='a'>Pastor, Brígida M.</subfield></datafield><datafield ind1='0' ind2='2' tag='245'><subfield code='a'>A companion to Latin American women writers</subfield><subfield code='h'>[electronic resource] /</subfield><subfield code='c'>edited by Brígida M. Pastor and Lloyd Hughes Davies.</subfield></datafield><datafield ind1=' ' ind2=' ' tag='260'><subfield code='a'>Woodbridge :</subfield><subfield code='b'>Tamesis,</subfield><subfield code='c'>2012.</subfield></datafield><datafield ind1=' ' ind2=' ' tag='300'><subfield code='a'>1 online resource (262 p.)</subfield></datafield><datafield ind1=' ' ind2=' ' tag='336'><subfield code='a'>text</subfield><subfield code='b'>txt</subfield></datafield><datafield ind1=' ' ind2=' ' tag='337'><subfield code='a'>computer</subfield><subfield code='b'>c</subfield></datafield><datafield ind1=' ' ind2=' ' tag='338'><subfield code='a'>online resource</subfield><subfield code='b'>cr</subfield></datafield><datafield ind1=' ' ind2='0' tag='440'><subfield code='a'>Colección Támesis.</subfield><subfield code='n'>Serie A,</subfield><subfield code='p'>Monografías ;</subfield><subfield code='v'>304</subfield></datafield><datafield ind1='1' ind2=' ' tag='490'><subfield code='a'>Monografías A</subfield></datafield><datafield ind1=' ' ind2=' ' tag='500'><subfield code='a'>Description based upon print version of record.</subfield></datafield><datafield ind1='0' ind2=' ' tag='505'><subfield code='a'>Frontcover; Contents; Introduction: The Feminine Voice in Latin American Literature; 1  Sor Juana Inés de la Cruz (1648/51?-1695); 2  Gertrudis Gómez de Avellaneda (1814-1873); 3  Gabriela Mistral (1889-1957); 4  Alfonsina Storni (1892-1938); 5  Silvina Ocampo (1903-1993); 6  Clarice Lispector (1920-1977); 7  Rosario Castellanos (1925-1974); 8  Elena Poniatowska (1933- ); 9  Alejandra Pizarnik (1936-1972); 10  Luisa Valenzuela (1938- ); 11  Isabel Allende (1942- ); 12  Rosario Ferré (1938- ); 13  Laura Esquivel (1950- ); 14  Laura Restrepo (1950- ); Conclusion; Bibliography; Index; Backcover</subfield></datafield><datafield ind1=' ' ind2=' ' tag='520'><subfield code='a'>This volume offers a critical study of a representative selection of Latin American women writers who have made major contributions to all literary genres and represent a wide range of literary perspectives and styles.</subfield></datafield><datafield ind1=' ' ind2=' ' tag='546'><subfield code='a'>English</subfield></datafield><datafield ind1=' ' ind2=' ' tag='504'><subfield code='a'>Includes bibliographical references and index.</subfield></datafield><datafield ind1=' ' ind2='0' tag='650'><subfield code='a'>Latin American literature</subfield><subfield code='x'>Women authors</subfield><subfield code='x'>History and criticism.</subfield></datafield><datafield ind1=' ' ind2='4' tag='655'><subfield code='a'>Electronic books.</subfield></datafield><datafield ind1=' ' ind2=' ' tag='776'><subfield code='z'>1-85566-236-1</subfield></datafield><datafield ind1='1' ind2=' ' tag='700'><subfield code='a'>Pastor, Brígida M.</subfield></datafield><datafield ind1='1' ind2=' ' tag='700'><subfield code='a'>Davies, Lloyd Hughes.</subfield></datafield><datafield ind1=' ' ind2='0' tag='830'><subfield code='a'>Monografías A</subfield></datafield><datafield ind1=' ' ind2=' ' tag='906'><subfield code='a'>BOOK</subfield></datafield><datafield ind1=' ' ind2=' ' tag='ADM'><subfield code='b'>2018-01-23 20:42:29</subfield><subfield code='e'>(CKB)2670000000270492</subfield><subfield code='d'>EBC</subfield><subfield code='a'>2012-11-25 07:33:06</subfield><subfield code='c'>false</subfield></datafield><datafield ind1=' ' ind2=' ' tag='PRT'><subfield code='a'>53408582100003811</subfield><subfield code='b'>https://sandbox01-na.alma.exlibrisgroup.com/view/uresolver/01TULI_INST/openurl?u.ignore_date_coverage=true&amp;rft.mms_id=991036861616803811</subfield><subfield code='e'>JSTOR</subfield><subfield code='9'>Available</subfield><subfield code='c'>JSTOR Books EBA Pilot</subfield><subfield code='h'>613810000000000259</subfield><subfield code='8'>53408582100003811</subfield></datafield></record>