
<record xmlns='http://www.loc.gov/MARC21/slim'><leader>00966nam  2200253 a 4500</leader><controlfield tag='001'>991036876417103811</controlfield><controlfield tag='005'>20170918230650.0</controlfield><controlfield tag='006'>m     o  d |      </controlfield><controlfield tag='007'>cr -n---------</controlfield><controlfield tag='008'>120511s2012    mauac   ob    001 0deng d</controlfield><datafield ind1=' ' ind2=' ' tag='020'><subfield code='a'>1-280-68918-8</subfield></datafield><datafield ind1=' ' ind2=' ' tag='020'><subfield code='a'>9786613666123</subfield></datafield><datafield ind1=' ' ind2=' ' tag='020'><subfield code='a'>1-58765-946-8</subfield></datafield><datafield ind1=' ' ind2=' ' tag='035'><subfield code='a'>(CKB)2670000000159520</subfield></datafield><datafield ind1=' ' ind2=' ' tag='035'><subfield code='a'>(EBL)3400513</subfield></datafield><datafield ind1=' ' ind2=' ' tag='035'><subfield code='a'>(SSID)ssj0000738106</subfield></datafield><datafield ind1=' ' ind2=' ' tag='035'><subfield code='a'>(PQKBManifestationID)11378500</subfield></datafield><datafield ind1=' ' ind2=' ' tag='035'><subfield code='a'>(PQKBTitleCode)TC0000738106</subfield></datafield><datafield ind1=' ' ind2=' ' tag='035'><subfield code='a'>(PQKBWorkID)10790212</subfield></datafield><datafield ind1=' ' ind2=' ' tag='035'><subfield code='a'>(PQKB)10880240</subfield></datafield><datafield ind1=' ' ind2=' ' tag='035'><subfield code='a'>(MiAaPQ)EBC3400513</subfield></datafield><datafield ind1=' ' ind2=' ' tag='035'><subfield code='a'>(EXLCZ)992670000000159520</subfield></datafield><datafield ind1=' ' ind2=' ' tag='040'><subfield code='a'>MiAaPQ</subfield><subfield code='c'>MiAaPQ</subfield><subfield code='d'>MiAaPQ</subfield></datafield><datafield ind1=' ' ind2=' ' tag='041'><subfield code='a'>eng</subfield></datafield><datafield ind1=' ' ind2='4' tag='050'><subfield code='a'>PQ7083</subfield><subfield code='b'>.C75 2012</subfield></datafield><datafield ind1='0' ind2='0' tag='082'><subfield code='a'>809.3</subfield></datafield><datafield ind1='1' ind2=' ' tag='100'><subfield code='a'>Rollyson, Carl.</subfield></datafield><datafield ind1='0' ind2='0' tag='245'><subfield code='a'>Critical survey of long fiction</subfield><subfield code='h'>[electronic resource] :</subfield><subfield code='b'>Latin American novelists /</subfield><subfield code='c'>editor, Carl Rollyson.</subfield></datafield><datafield ind1=' ' ind2=' ' tag='260'><subfield code='a'>Ipswich, Mass. :</subfield><subfield code='b'>Salem Press,</subfield><subfield code='c'>2012.</subfield></datafield><datafield ind1=' ' ind2=' ' tag='300'><subfield code='a'>1 online resource (293 p.)</subfield></datafield><datafield ind1=' ' ind2=' ' tag='336'><subfield code='a'>text</subfield><subfield code='b'>txt</subfield></datafield><datafield ind1=' ' ind2=' ' tag='337'><subfield code='a'>computer</subfield><subfield code='b'>c</subfield></datafield><datafield ind1=' ' ind2=' ' tag='338'><subfield code='a'>online resource</subfield><subfield code='b'>cr</subfield></datafield><datafield ind1=' ' ind2=' ' tag='500'><subfield code='a'>Description based upon print version of record.</subfield></datafield><datafield ind1='0' ind2=' ' tag='505'><subfield code='a'>&quot;&quot;Contents&quot;&quot;; &quot;&quot;Contributors&quot;&quot;; &quot;&quot;Latin American Long Fiction 1 &quot;&quot;; &quot;&quot;Demetrio Aguilera Malta 25&quot;&quot;; &quot;&quot;Ciro AlegrÃ&amp;#xAD;a 34&quot;&quot;; &quot;&quot;Isabel Allende 43&quot;&quot;; &quot;&quot;Jorge Amado 51&quot;&quot;; &quot;&quot;Reinaldo Arenas 62&quot;&quot;; &quot;&quot;Miguel Ã?ngel Asturias 68&quot;&quot;; &quot;&quot;Mariano Azuela 78&quot;&quot;; &quot;&quot;Roberto BolaÃ±o 84&quot;&quot;; &quot;&quot;Alejo Carpentier 90&quot;&quot;; &quot;&quot;Julio CortÃ¡zar 100&quot;&quot;; &quot;&quot;JosÃ© Donoso 112&quot;&quot;; &quot;&quot;Ariel Dorfman 126&quot;&quot;; &quot;&quot;Carlos Fuentes 132&quot;&quot;; &quot;&quot;Cristina GarcÃ&amp;#xAD;a 146&quot;&quot;; &quot;&quot;Gabriel GarcÃ&amp;#xAD;a MÃ¡rquez 152&quot;&quot;; &quot;&quot;Wilson Harris 166&quot;&quot;; &quot;&quot;Clarice Lispector 181&quot;&quot;; &quot;&quot;Joaquim Maria Machado de Assis 189&quot;&quot;; &quot;&quot;Eduardo Mallea 202&quot;&quot;; &quot;&quot;Juan Carlos Onetti 213&quot;&quot;</subfield></datafield><datafield ind1='8' ind2=' ' tag='505'><subfield code='a'>&quot;&quot;Manuel Puig 225&quot;&quot;&quot;&quot;Ernesto SÃ¡bato 237&quot;&quot;; &quot;&quot;Mario Vargas Llosa 246&quot;&quot;; &quot;&quot;Bibliography 261&quot;&quot;; &quot;&quot;Glossary of Literary Terms 264&quot;&quot;; &quot;&quot;Guide to Online Resources 276&quot;&quot;; &quot;&quot;Category Index 281&quot;&quot;; &quot;&quot;Subject Index 283&quot;&quot;</subfield></datafield><datafield ind1=' ' ind2=' ' tag='546'><subfield code='a'>English</subfield></datafield><datafield ind1=' ' ind2=' ' tag='504'><subfield code='a'>Includes bibliographical references and indexes.</subfield></datafield><datafield ind1=' ' ind2='0' tag='650'><subfield code='a'>Authors, Latin American.</subfield></datafield><datafield ind1=' ' ind2='0' tag='650'><subfield code='a'>Latin American literature.</subfield></datafield><datafield ind1=' ' ind2='4' tag='655'><subfield code='a'>Electronic books.</subfield></datafield><datafield ind1=' ' ind2=' ' tag='776'><subfield code='z'>1-4298-3695-4</subfield></datafield><datafield ind1='1' ind2=' ' tag='700'><subfield code='a'>Rollyson, Carl E.</subfield><subfield code='q'>(Carl Edmund)</subfield></datafield><datafield ind1=' ' ind2=' ' tag='906'><subfield code='a'>BOOK</subfield></datafield><datafield ind1=' ' ind2=' ' tag='ADM'><subfield code='b'>2018-02-05 06:48:40</subfield><subfield code='e'>2670000000159520</subfield><subfield code='d'>EBC</subfield><subfield code='a'>2012-05-06 07:18:00</subfield><subfield code='c'>false</subfield></datafield><datafield ind1=' ' ind2=' ' tag='PRT'><subfield code='a'>53412752570003811</subfield><subfield code='b'>https://sandbox01-na.alma.exlibrisgroup.com/view/uresolver/01TULI_INST/openurl?u.ignore_date_coverage=true&amp;rft.mms_id=991036876417103811</subfield><subfield code='e'>EBSCOhost</subfield><subfield code='9'>Available</subfield><subfield code='c'>EBSCOhost eBook Community College Collection</subfield><subfield code='h'>613860000000000003</subfield><subfield code='8'>53412752570003811</subfield></datafield></record>