
<record xmlns='http://www.loc.gov/MARC21/slim'><leader>02291cam a2200385Ka 4500</leader><controlfield tag='005'>20180315172008.0</controlfield><controlfield tag='008'>100526s2010    gw       b    001 0 eng d</controlfield><controlfield tag='001'>991008656219703811</controlfield><datafield ind1=' ' ind2=' ' tag='020'><subfield code='a'>9781933128962 (hbk.)</subfield></datafield><datafield ind1=' ' ind2=' ' tag='020'><subfield code='a'>1933128968 (hbk.)</subfield></datafield><datafield ind1=' ' ind2=' ' tag='035'><subfield code='a'>(PPT)b45781199-01tuli_inst</subfield></datafield><datafield ind1=' ' ind2=' ' tag='035'><subfield code='a'>(OCoLC)ocn730425263</subfield><subfield code='9'>ExL</subfield></datafield><datafield ind1=' ' ind2=' ' tag='035'><subfield code='a'>(OCoLC)631487855</subfield></datafield><datafield ind1=' ' ind2=' ' tag='035'><subfield code='a'>ocn631487855</subfield></datafield><datafield ind1=' ' ind2=' ' tag='035'><subfield code='a'>(OCLC)ocn631487855</subfield></datafield><datafield ind1=' ' ind2=' ' tag='040'><subfield code='a'>SINLB</subfield><subfield code='c'>SINLB</subfield><subfield code='d'>YDXCP</subfield><subfield code='d'>STF</subfield><subfield code='d'>OHX</subfield><subfield code='d'>NLF</subfield></datafield><datafield ind1=' ' ind2=' ' tag='079'><subfield code='a'>ocn631487855</subfield></datafield><datafield ind1=' ' ind2=' ' tag='090'><subfield code='a'>N6811.5.F74</subfield><subfield code='b'>A35 2010</subfield></datafield><datafield ind1='1' ind2=' ' tag='100'><subfield code='a'>Friedl, Peter,</subfield><subfield code='d'>1960-</subfield></datafield><datafield ind1='1' ind2='0' tag='245'><subfield code='a'>Peter Friedl :</subfield><subfield code='b'>secret modernity : selected writings and interviews 1981-2009 /</subfield><subfield code='c'>edited by Anselm Franke.</subfield></datafield><datafield ind1='3' ind2='0' tag='246'><subfield code='a'>Secret modernity</subfield></datafield><datafield ind1=' ' ind2=' ' tag='260'><subfield code='a'>Berlin :</subfield><subfield code='b'>Sternberg Press,</subfield><subfield code='c'>c2010.</subfield></datafield><datafield ind1=' ' ind2=' ' tag='300'><subfield code='a'>270 p. ;</subfield><subfield code='c'>22 cm.</subfield></datafield><datafield ind1=' ' ind2=' ' tag='504'><subfield code='a'>Includes bibliographical references and index.</subfield></datafield><datafield ind1='0' ind2=' ' tag='505'><subfield code='a'>Grüber&apos;s Discourse -- George Sand -- Jean-Luc Godard -- Clarice Lispector -- Café Amérique : Richard Foreman and His New Play -- New U. S. Dance Theater: Lucinda Childs -- Karl Philipp Moritz -- Dionysus Dismembered : Approaching Hermann Nitsch -- &quot;My Language Is Total&quot; -- Maurice Maeterlinck -- A Tendency to the Gesamtkunstwerk -- Theo van Doesburg -- William Meets Wilhelmina -- Theodor Lessing -- Beginning -- Samarkand -- Systems -- Born to Raise -- Bellamy &amp; Bellamy : The Real State -- Art and Power : Europe under the Dictators 1930-45 -- Alighiero Boetti -- Martin Kippenberger (1953-97) -- Brothers in Crime -- An Interview with Marie-Thérèse Champesme -- Dream City -- The Curse of the Iguana : On Genre and Power -- King Kong in Triomf -- A Conversation with Roger M. Buergel -- One World -- Hanover House -- Yoko Ono : A Conversation with Frank Wagner -- Out of the Shadows -- A Conversation with Jean-Pierre Rehm -- Avenida Glauber Rocha -- A Conversation with Gean Moreno -- Stones for America -- A Conversation with Anselm Franke -- Secret Modernity.</subfield></datafield><datafield ind1=' ' ind2='0' tag='650'><subfield code='a'>Art criticism.</subfield></datafield><datafield ind1=' ' ind2='0' tag='650'><subfield code='a'>Dramatic criticism.</subfield></datafield><datafield ind1=' ' ind2='0' tag='650'><subfield code='a'>Arts, Modern</subfield><subfield code='x'>Themes, motives.</subfield></datafield><datafield ind1=' ' ind2='0' tag='650'><subfield code='a'>Artists</subfield><subfield code='v'>Interviews.</subfield></datafield><datafield ind1='1' ind2=' ' tag='700'><subfield code='a'>Franke, Anselm.</subfield></datafield><datafield ind1=' ' ind2=' ' tag='907'><subfield code='a'>.b45781199</subfield><subfield code='b'>p    </subfield><subfield code='c'>-</subfield></datafield><datafield ind1=' ' ind2=' ' tag='945'><subfield code='l'>pstk </subfield><subfield code='g'>1</subfield></datafield><datafield ind1=' ' ind2=' ' tag='979'><subfield code='a'>ocn631487855</subfield></datafield><datafield ind1=' ' ind2=' ' tag='998'><subfield code='b'>1</subfield><subfield code='c'>110518</subfield><subfield code='d'>m</subfield><subfield code='e'>a</subfield><subfield code='f'>-</subfield><subfield code='g'>0</subfield></datafield><datafield ind1=' ' ind2=' ' tag='998'><subfield code='a'>05/18/11</subfield><subfield code='s'>OCLC</subfield><subfield code='c'>AT</subfield></datafield><datafield ind1=' ' ind2=' ' tag='ADM'><subfield code='b'>2018-03-15 21:20:08</subfield><subfield code='e'>b45781199-01tuli_inst</subfield><subfield code='d'>ILS</subfield><subfield code='a'>2017-06-20 07:12:46</subfield><subfield code='c'>false</subfield></datafield><datafield ind1='0' ind2=' ' tag='HLD'><subfield code='b'>MAIN</subfield><subfield code='c'>stacks</subfield><subfield code='h'>N6811.5.F74</subfield><subfield code='i'>A35 2010</subfield><subfield code='8'>22262734120003811</subfield></datafield><datafield ind1=' ' ind2=' ' tag='ITM'><subfield code='r'>22262734120003811</subfield><subfield code='b'>1</subfield><subfield code='h'>0</subfield><subfield code='g'>stacks</subfield><subfield code='t'>BOOK</subfield><subfield code='9'>39074026000117</subfield><subfield code='e'>stacks</subfield><subfield code='8'>23262734110003811</subfield><subfield code='a'>0</subfield><subfield code='q'>2017-06-20 07:12:46</subfield><subfield code='i'>N6811.5.F74 A35 2010</subfield><subfield code='d'>MAIN</subfield><subfield code='f'>MAIN</subfield></datafield></record>