
<record xmlns='http://www.loc.gov/MARC21/slim'><leader>01813nam  2200361 a 4500</leader><controlfield tag='001'>991036730455103811</controlfield><controlfield tag='005'>20170815120615.0</controlfield><controlfield tag='006'>m     o  d |      </controlfield><controlfield tag='007'>cr -n---------</controlfield><controlfield tag='008'>020906s2003    mnu     ob   s001 0 eng  </controlfield><datafield ind1=' ' ind2=' ' tag='010'><subfield code='z'>  2002014513</subfield></datafield><datafield ind1=' ' ind2=' ' tag='020'><subfield code='a'>0-8166-9291-2</subfield></datafield><datafield ind1=' ' ind2=' ' tag='035'><subfield code='a'>(CKB)1000000000346846</subfield></datafield><datafield ind1=' ' ind2=' ' tag='035'><subfield code='a'>(EBL)310619</subfield></datafield><datafield ind1=' ' ind2=' ' tag='035'><subfield code='a'>(OCoLC)191930408</subfield></datafield><datafield ind1=' ' ind2=' ' tag='035'><subfield code='a'>(SSID)ssj0000266392</subfield></datafield><datafield ind1=' ' ind2=' ' tag='035'><subfield code='a'>(PQKBManifestationID)12096335</subfield></datafield><datafield ind1=' ' ind2=' ' tag='035'><subfield code='a'>(PQKBTitleCode)TC0000266392</subfield></datafield><datafield ind1=' ' ind2=' ' tag='035'><subfield code='a'>(PQKBWorkID)10304285</subfield></datafield><datafield ind1=' ' ind2=' ' tag='035'><subfield code='a'>(PQKB)10944611</subfield></datafield><datafield ind1=' ' ind2=' ' tag='035'><subfield code='a'>(MiAaPQ)EBC310619</subfield></datafield><datafield ind1=' ' ind2=' ' tag='035'><subfield code='a'>(EXLCZ)991000000000346846</subfield></datafield><datafield ind1=' ' ind2=' ' tag='040'><subfield code='a'>MiAaPQ</subfield><subfield code='c'>MiAaPQ</subfield><subfield code='d'>MiAaPQ</subfield></datafield><datafield ind1=' ' ind2=' ' tag='041'><subfield code='a'>eng</subfield></datafield><datafield ind1=' ' ind2=' ' tag='043'><subfield code='a'>e-po---</subfield><subfield code='a'>s-bl---</subfield></datafield><datafield ind1=' ' ind2='4' tag='050'><subfield code='a'>DP681</subfield><subfield code='b'>.A74 2003</subfield></datafield><datafield ind1='0' ind2='0' tag='082'><subfield code='a'>869.3/4209353</subfield><subfield code='a'>869.34209353</subfield></datafield><datafield ind1='1' ind2=' ' tag='100'><subfield code='a'>Arenas, Fernando,</subfield><subfield code='d'>1963-</subfield></datafield><datafield ind1='1' ind2='0' tag='245'><subfield code='a'>Utopias of otherness</subfield><subfield code='h'>[electronic resource] :</subfield><subfield code='b'>nationhood and subjectivity in Portugal and Brazil /</subfield><subfield code='c'>Fernando Arenas.</subfield></datafield><datafield ind1=' ' ind2=' ' tag='260'><subfield code='a'>Minneapolis :</subfield><subfield code='b'>University of Minnesota Press,</subfield><subfield code='c'>c2003.</subfield></datafield><datafield ind1=' ' ind2=' ' tag='300'><subfield code='a'>1 online resource (214 p.)</subfield></datafield><datafield ind1=' ' ind2=' ' tag='336'><subfield code='a'>text</subfield><subfield code='b'>txt</subfield></datafield><datafield ind1=' ' ind2=' ' tag='337'><subfield code='a'>computer</subfield><subfield code='b'>c</subfield></datafield><datafield ind1=' ' ind2=' ' tag='338'><subfield code='a'>online resource</subfield><subfield code='b'>cr</subfield></datafield><datafield ind1=' ' ind2=' ' tag='500'><subfield code='a'>Description based upon print version of record.</subfield></datafield><datafield ind1=' ' ind2=' ' tag='520'><subfield code='a'>In Utopias of Otherness, Fernando Arenas considers Portugal and Brazil, both subject to the economic, political, and cultural forces of postmodern globalization. Arenas analyzes responses to these trends in contemporary writers including José Saramago, Caio Fernando Abreu, Maria Isabel Barreno, Vergílio Ferreira, Clarice Lispector, and Maria Gabriela Llansol, ultimately revealing how these writers have redefined the concept of nationhood.</subfield></datafield><datafield ind1=' ' ind2=' ' tag='546'><subfield code='a'>English</subfield></datafield><datafield ind1='0' ind2=' ' tag='505'><subfield code='a'>Introduction -- Portugal : ideas of empire and nationhood -- Brazilian national identity : intellectual debates and changing cultural realities -- Subjectivities and homoerotic desire in contemporary Brazilian fiction : the nation of Caio Fernando Abreu -- Women&apos;s difference in contemporary Portuguese fiction : the case of Maria Isabel Barreno -- Worlds in transition and utopias of otherness.</subfield></datafield><datafield ind1=' ' ind2=' ' tag='504'><subfield code='a'>Includes bibliographical references (p. 161-173) and index.</subfield></datafield><datafield ind1=' ' ind2='0' tag='650'><subfield code='a'>Identity (Psychology)</subfield></datafield><datafield ind1=' ' ind2='0' tag='650'><subfield code='a'>Portuguese fiction</subfield><subfield code='y'>20th century</subfield><subfield code='x'>Criticism and interpretation.</subfield></datafield><datafield ind1=' ' ind2='0' tag='650'><subfield code='a'>Brazilian fiction</subfield><subfield code='y'>20th century</subfield><subfield code='x'>Criticism and interpretation.</subfield></datafield><datafield ind1=' ' ind2='0' tag='650'><subfield code='a'>Utopias in literature.</subfield></datafield><datafield ind1=' ' ind2='0' tag='650'><subfield code='a'>Literature and myth.</subfield></datafield><datafield ind1=' ' ind2='0' tag='650'><subfield code='a'>Difference (Psychology) in literature.</subfield></datafield><datafield ind1=' ' ind2='4' tag='655'><subfield code='a'>Electronic books.</subfield></datafield><datafield ind1=' ' ind2='0' tag='651'><subfield code='a'>Portugal</subfield><subfield code='x'>Civilization</subfield><subfield code='y'>21st century.</subfield></datafield><datafield ind1=' ' ind2='0' tag='651'><subfield code='a'>Brazil</subfield><subfield code='x'>Civilization</subfield><subfield code='y'>21st century.</subfield></datafield><datafield ind1=' ' ind2=' ' tag='776'><subfield code='z'>0-8166-3817-9</subfield></datafield><datafield ind1=' ' ind2=' ' tag='776'><subfield code='z'>0-8166-3816-0</subfield></datafield><datafield ind1=' ' ind2=' ' tag='906'><subfield code='a'>BOOK</subfield></datafield><datafield ind1=' ' ind2=' ' tag='PRT'><subfield code='a'>53420541490003811</subfield><subfield code='b'>https://sandbox01-na.alma.exlibrisgroup.com/view/uresolver/01TULI_INST/openurl?u.ignore_date_coverage=true&amp;rft.mms_id=991036730455103811</subfield><subfield code='e'>Ebook Central</subfield><subfield code='c'>Ebook Central Academic Complete</subfield><subfield code='h'>614200000000000002</subfield><subfield code='8'>53420541490003811</subfield></datafield><datafield ind1=' ' ind2=' ' tag='PRT'><subfield code='a'>53423960760003811</subfield><subfield code='b'>https://sandbox01-na.alma.exlibrisgroup.com/view/uresolver/01TULI_INST/openurl?u.ignore_date_coverage=true&amp;rft.mms_id=991036730455103811</subfield><subfield code='e'>Ebook Central</subfield><subfield code='c'>Ebook Central College Complete</subfield><subfield code='h'>614330000000000032</subfield><subfield code='8'>53423960760003811</subfield></datafield><datafield ind1=' ' ind2=' ' tag='PRT'><subfield code='a'>53424628570003811</subfield><subfield code='b'>https://sandbox01-na.alma.exlibrisgroup.com/view/uresolver/01TULI_INST/openurl?u.ignore_date_coverage=true&amp;rft.mms_id=991036730455103811</subfield><subfield code='e'>Ebook Central</subfield><subfield code='c'>Ebook Central University Press</subfield><subfield code='h'>614330000000000093</subfield><subfield code='8'>53424628570003811</subfield></datafield><datafield ind1=' ' ind2=' ' tag='PRT'><subfield code='a'>53409038380003811</subfield><subfield code='b'>https://sandbox01-na.alma.exlibrisgroup.com/view/uresolver/01TULI_INST/openurl?u.ignore_date_coverage=true&amp;rft.mms_id=991036730455103811</subfield><subfield code='e'>JSTOR</subfield><subfield code='c'>JSTOR Books EBA Pilot</subfield><subfield code='h'>613810000000000259</subfield><subfield code='8'>53409038380003811</subfield></datafield></record>