
<record xmlns='http://www.loc.gov/MARC21/slim'><leader>02346nam a22005413u 4500</leader><controlfield tag='001'>991036814967803811</controlfield><controlfield tag='005'>20170810182337.0</controlfield><controlfield tag='006'>m        d        </controlfield><controlfield tag='007'>cr -n---------</controlfield><controlfield tag='008'>130418s2001|||||||     s|||||||||||eng|d</controlfield><datafield ind1=' ' ind2=' ' tag='020'><subfield code='a'>0-8130-3123-0</subfield></datafield><datafield ind1=' ' ind2=' ' tag='035'><subfield code='a'>(CKB)1000000000347576</subfield></datafield><datafield ind1=' ' ind2=' ' tag='035'><subfield code='a'>(EBL)290232</subfield></datafield><datafield ind1=' ' ind2=' ' tag='035'><subfield code='a'>(OCoLC)476046294</subfield></datafield><datafield ind1=' ' ind2=' ' tag='035'><subfield code='a'>(SSID)ssj0000244810</subfield></datafield><datafield ind1=' ' ind2=' ' tag='035'><subfield code='a'>(PQKBManifestationID)12063866</subfield></datafield><datafield ind1=' ' ind2=' ' tag='035'><subfield code='a'>(PQKBTitleCode)TC0000244810</subfield></datafield><datafield ind1=' ' ind2=' ' tag='035'><subfield code='a'>(PQKBWorkID)10170761</subfield></datafield><datafield ind1=' ' ind2=' ' tag='035'><subfield code='a'>(PQKB)11168969</subfield></datafield><datafield ind1=' ' ind2=' ' tag='035'><subfield code='a'>(EXLCZ)991000000000347576</subfield></datafield><datafield ind1=' ' ind2=' ' tag='040'><subfield code='a'>AU-PeEL</subfield><subfield code='b'>eng</subfield><subfield code='c'>AU-PeEL</subfield><subfield code='d'>AU-PeEL</subfield></datafield><datafield ind1=' ' ind2=' ' tag='041'><subfield code='a'>eng</subfield></datafield><datafield ind1=' ' ind2='4' tag='050'><subfield code='a'>PQ7082.N7 M354 2001eb</subfield></datafield><datafield ind1='0' ind2='0' tag='082'><subfield code='a'>863.6409352042098</subfield><subfield code='a'>863/.6409352042/098</subfield></datafield><datafield ind1='1' ind2=' ' tag='100'><subfield code='a'>Marting, Diane E.</subfield></datafield><datafield ind1=' ' ind2=' ' tag='210'><subfield code='a'>THE SEXUAL WOMAN IN LATIN AMERICAN LITERATURE</subfield></datafield><datafield ind1=' ' ind2=' ' tag='210'><subfield code='a'>SEXUAL WOMAN IN LATIN AMERICAN LITERATURE</subfield></datafield><datafield ind1=' ' ind2=' ' tag='210'><subfield code='a'>SEXUAL WOMAN IN LATIN AMERICAN LITERATURE : DANGEROUS DESIRES</subfield></datafield><datafield ind1='1' ind2='4' tag='245'><subfield code='a'>The Sexual Woman in Latin American Literature</subfield><subfield code='h'>[electronic resource] :</subfield><subfield code='b'>Dangerous Desires</subfield></datafield><datafield ind1=' ' ind2=' ' tag='260'><subfield code='a'>Gainesville :</subfield><subfield code='b'>UPF,</subfield><subfield code='c'>2001.</subfield></datafield><datafield ind1=' ' ind2=' ' tag='300'><subfield code='a'>1 online resource (363 p.)</subfield></datafield><datafield ind1=' ' ind2=' ' tag='336'><subfield code='a'>text</subfield><subfield code='b'>txt</subfield></datafield><datafield ind1=' ' ind2=' ' tag='337'><subfield code='a'>computer</subfield><subfield code='b'>c</subfield></datafield><datafield ind1=' ' ind2=' ' tag='338'><subfield code='a'>online resource</subfield><subfield code='b'>cr</subfield></datafield><datafield ind1=' ' ind2=' ' tag='500'><subfield code='a'>Description based upon print version of record.</subfield></datafield><datafield ind1='0' ind2=' ' tag='505'><subfield code='a'>Table of Contents; List of Illustrations ix; Preface xi; A Note about Translations xv; 1. Dangerous (to) Women: Introduction 1; 2. Miguel Angel Asturias and the &quot;&quot;Newly Sexed Woman&quot; 55; 3. Clarice Lispector and the Promise of Freedom 147; 4. Mario Vargas Llosa and the End(s) of Sexual Freedom 206; Notes 267; Bibliography 307; Index 329</subfield></datafield><datafield ind1=' ' ind2=' ' tag='520'><subfield code='a'>&apos;&apos;A major and important addition to the field of Latin American studies . . . [and] the work of a mature scholar. I recommend it fully and enthusiastically.&apos;&apos;-- Sara Castro-Klaren, Johns Hopkins University Latin American fiction achieved a turning point in its representation of sexual women sometime in the 1960s.</subfield></datafield><datafield ind1=' ' ind2=' ' tag='546'><subfield code='a'>English</subfield></datafield><datafield ind1=' ' ind2='4' tag='650'><subfield code='a'>Asturias, Miguel Angel.</subfield></datafield><datafield ind1=' ' ind2='4' tag='650'><subfield code='a'>History.</subfield></datafield><datafield ind1=' ' ind2='4' tag='650'><subfield code='a'>History and criticism.</subfield></datafield><datafield ind1=' ' ind2='4' tag='650'><subfield code='a'>Latin American fiction.</subfield></datafield><datafield ind1=' ' ind2='4' tag='650'><subfield code='a'>Sex in literature.</subfield></datafield><datafield ind1=' ' ind2='4' tag='650'><subfield code='a'>Sex role in literature.</subfield></datafield><datafield ind1=' ' ind2='4' tag='650'><subfield code='a'>Women and literature.</subfield></datafield><datafield ind1=' ' ind2='4' tag='650'><subfield code='a'>Women in literature.</subfield></datafield><datafield ind1=' ' ind2='0' tag='655'><subfield code='a'>Electronic books.</subfield></datafield><datafield ind1=' ' ind2=' ' tag='776'><subfield code='z'>0-8130-1832-3</subfield></datafield><datafield ind1=' ' ind2=' ' tag='906'><subfield code='a'>BOOK</subfield></datafield><datafield ind1=' ' ind2=' ' tag='ADM'><subfield code='b'>2017-12-18 16:30:43</subfield><subfield code='e'>1000000000347576</subfield><subfield code='d'>PQNKB</subfield><subfield code='f'>20160803134623.0</subfield><subfield code='a'>2012-02-26 00:56:56</subfield><subfield code='c'>false</subfield></datafield><datafield ind1=' ' ind2=' ' tag='PRT'><subfield code='a'>53393366170003811</subfield><subfield code='b'>https://sandbox01-na.alma.exlibrisgroup.com/view/uresolver/01TULI_INST/openurl?u.ignore_date_coverage=true&amp;rft.mms_id=991036814967803811</subfield><subfield code='e'>EBSCOhost</subfield><subfield code='9'>Available</subfield><subfield code='c'>EBSCOhost Academic eBook Collection (North America)</subfield><subfield code='h'>613640000000000029</subfield><subfield code='8'>53393366170003811</subfield></datafield><datafield ind1=' ' ind2=' ' tag='PRT'><subfield code='a'>53404691360003811</subfield><subfield code='b'>https://sandbox01-na.alma.exlibrisgroup.com/view/uresolver/01TULI_INST/openurl?u.ignore_date_coverage=true&amp;rft.mms_id=991036814967803811</subfield><subfield code='e'>EBSCOhost</subfield><subfield code='9'>Available</subfield><subfield code='c'>eBook Public Library Collection - North America</subfield><subfield code='h'>613790000000001577</subfield><subfield code='8'>53404691360003811</subfield></datafield><datafield ind1=' ' ind2=' ' tag='PRT'><subfield code='a'>53395780970003811</subfield><subfield code='b'>https://sandbox01-na.alma.exlibrisgroup.com/view/uresolver/01TULI_INST/openurl?u.ignore_date_coverage=true&amp;rft.mms_id=991036814967803811</subfield><subfield code='e'>EBSCOhost</subfield><subfield code='9'>Available</subfield><subfield code='c'>EBSCOhost eBook Community College Collection</subfield><subfield code='h'>613860000000000003</subfield><subfield code='8'>53395780970003811</subfield></datafield></record>