
<record xmlns='http://www.loc.gov/MARC21/slim'><leader>02826cam a2200505 a 4500</leader><controlfield tag='005'>20180315175452.0</controlfield><controlfield tag='008'>940217s1993    enk      b    001 0 eng d</controlfield><controlfield tag='001'>991011154469703811</controlfield><datafield ind1=' ' ind2=' ' tag='010'><subfield code='a'>94120117</subfield></datafield><datafield ind1=' ' ind2=' ' tag='020'><subfield code='a'>1855660318</subfield><subfield code='q'>(alk. paper)</subfield></datafield><datafield ind1=' ' ind2=' ' tag='020'><subfield code='a'>9781855660311</subfield><subfield code='q'>(alk. paper)</subfield></datafield><datafield ind1=' ' ind2=' ' tag='035'><subfield code='a'>(PPT)b58212309-01tuli_inst</subfield></datafield><datafield ind1=' ' ind2=' ' tag='035'><subfield code='a'>(OCoLC)ocn919112323</subfield><subfield code='9'>ExL</subfield></datafield><datafield ind1=' ' ind2=' ' tag='035'><subfield code='a'>(OCoLC)28645480</subfield><subfield code='z'>(OCoLC)28798005</subfield></datafield><datafield ind1=' ' ind2=' ' tag='035'><subfield code='a'>ocm28645480</subfield></datafield><datafield ind1=' ' ind2=' ' tag='035'><subfield code='a'>(OCLC)ocm28645480</subfield></datafield><datafield ind1=' ' ind2=' ' tag='040'><subfield code='a'>NmU</subfield><subfield code='b'>eng</subfield><subfield code='c'>IQU</subfield><subfield code='d'>DLC</subfield><subfield code='d'>UKM</subfield><subfield code='d'>EL$</subfield><subfield code='d'>BAKER</subfield><subfield code='d'>NLGGC</subfield><subfield code='d'>BTCTA</subfield><subfield code='d'>CGU</subfield><subfield code='d'>YDXCP</subfield><subfield code='d'>DEBBG</subfield><subfield code='d'>P4I</subfield><subfield code='d'>OCLCQ</subfield><subfield code='d'>OCLCO</subfield></datafield><datafield ind1=' ' ind2=' ' tag='042'><subfield code='a'>lccopycat</subfield></datafield><datafield ind1=' ' ind2=' ' tag='043'><subfield code='a'>e-sp---</subfield><subfield code='a'>cl-----</subfield></datafield><datafield ind1=' ' ind2=' ' tag='079'><subfield code='a'>ocm28645480</subfield></datafield><datafield ind1=' ' ind2=' ' tag='090'><subfield code='a'>PQ6055</subfield><subfield code='b'>.H37 1993</subfield></datafield><datafield ind1='1' ind2=' ' tag='100'><subfield code='a'>Hart, Stephen M.</subfield></datafield><datafield ind1='1' ind2='0' tag='245'><subfield code='a'>White ink :</subfield><subfield code='b'>essays on twentieth-century feminine fiction in Spain and Latin America /</subfield><subfield code='c'>Stephen M. Hart.</subfield></datafield><datafield ind1=' ' ind2=' ' tag='260'><subfield code='a'>London :</subfield><subfield code='b'>Tamesis Books ;</subfield><subfield code='a'>Madrid :</subfield><subfield code='b'>Editorial Támesis ;</subfield><subfield code='a'>Rochester, NY, USA :</subfield><subfield code='b'>Distributors, United States and Canada, Boydell &amp; Brewer,</subfield><subfield code='c'>1993.</subfield></datafield><datafield ind1=' ' ind2=' ' tag='300'><subfield code='a'>158 pages ;</subfield><subfield code='c'>23 cm </subfield></datafield><datafield ind1=' ' ind2=' ' tag='336'><subfield code='a'>text</subfield><subfield code='b'>txt</subfield><subfield code='2'>rdacontent</subfield></datafield><datafield ind1=' ' ind2=' ' tag='337'><subfield code='a'>unmediated</subfield><subfield code='b'>n</subfield><subfield code='2'>rdamedia</subfield></datafield><datafield ind1=' ' ind2=' ' tag='338'><subfield code='a'>volume</subfield><subfield code='b'>nc</subfield><subfield code='2'>rdacarrier</subfield></datafield><datafield ind1='1' ind2=' ' tag='490'><subfield code='a'>Colección Támesis. Serie A, Monografías ;</subfield><subfield code='v'>156</subfield></datafield><datafield ind1=' ' ind2=' ' tag='504'><subfield code='a'>Includes bibliographical references (pages 143-153) and index.</subfield></datafield><datafield ind1='0' ind2='0' tag='505'><subfield code='g'>I.</subfield><subfield code='t'>The Novel of Development.</subfield><subfield code='t'>Nada /</subfield><subfield code='r'>Carmen Laforet.</subfield><subfield code='t'>La placa del Diamant /</subfield><subfield code='r'>Merce Rodoreda.</subfield><subfield code='t'>Perto do coracao selvagem /</subfield><subfield code='r'>Clarice Lispector --</subfield><subfield code='g'>II.</subfield><subfield code='t'>The Patriarchal Prison.</subfield><subfield code='t'>La amortajada /</subfield><subfield code='r'>Maria Luisa Bombal.</subfield><subfield code='t'>&apos;Leccion de cocina&apos;, Album de familia /</subfield><subfield code='r'>Rosario Castellanos.</subfield><subfield code='t'>Los recuerdos del porvenir /</subfield><subfield code='r'>Elena Garro --</subfield><subfield code='g'>III.</subfield><subfield code='t'>Fairy Tales.</subfield><subfield code='t'>Primera memoria /</subfield><subfield code='r'>Ana Maria Matute.</subfield><subfield code='t'>El cuarto de atras /</subfield><subfield code='r'>Carmen Martin Gaite.</subfield><subfield code='t'>El mismo mar de todos los veranos /</subfield><subfield code='r'>Esther Tusquets --</subfield><subfield code='g'>IV.</subfield><subfield code='t'>Sexual Politics.</subfield><subfield code='t'>La casa de los espiritus /</subfield><subfield code='r'>Isabel Allende.</subfield><subfield code='t'>Conversacion al sur /</subfield><subfield code='r'>Marta Traba.</subfield><subfield code='t'>L&apos;hora violeta /</subfield><subfield code='r'>Montserrat Roig --</subfield><subfield code='g'>V.</subfield><subfield code='t'>Gender Trouble.</subfield><subfield code='t'>El gato eficaz /</subfield><subfield code='r'>Luisa Valenzuela.</subfield><subfield code='t'>La nave de los locos /</subfield><subfield code='r'>Cristina Peri Rossi.</subfield><subfield code='t'>Temblor /</subfield><subfield code='r'>Rosa Montero.</subfield></datafield><datafield ind1=' ' ind2=' ' tag='541'><subfield code='a'>González del Valle, Luis T. ;</subfield><subfield code='c'>Gift ;</subfield><subfield code='d'>2015</subfield></datafield><datafield ind1=' ' ind2='0' tag='650'><subfield code='a'>Spanish literature</subfield><subfield code='x'>Women authors</subfield><subfield code='x'>Themes, motives.</subfield></datafield><datafield ind1=' ' ind2='0' tag='650'><subfield code='a'>Latin American literature</subfield><subfield code='x'>Women authors</subfield><subfield code='x'>Themes, motives.</subfield></datafield><datafield ind1=' ' ind2='0' tag='650'><subfield code='a'>Spanish literature</subfield><subfield code='y'>20th century</subfield><subfield code='x'>History and criticism.</subfield></datafield><datafield ind1=' ' ind2='0' tag='650'><subfield code='a'>Latin American literature</subfield><subfield code='y'>20th century</subfield><subfield code='x'>History and criticism.</subfield></datafield><datafield ind1=' ' ind2='0' tag='650'><subfield code='a'>Women and literature</subfield><subfield code='z'>Latin America</subfield><subfield code='x'>History</subfield><subfield code='y'>20th century.</subfield></datafield><datafield ind1=' ' ind2='0' tag='650'><subfield code='a'>Women and literature</subfield><subfield code='z'>Spain</subfield><subfield code='x'>History</subfield><subfield code='y'>20th century.</subfield></datafield><datafield ind1=' ' ind2='0' tag='650'><subfield code='a'>Sex role in literature.</subfield></datafield><datafield ind1=' ' ind2='0' tag='830'><subfield code='a'>Colección Támesis.</subfield><subfield code='n'>Serie A,</subfield><subfield code='p'>Monografías ;</subfield><subfield code='v'>156.</subfield></datafield><datafield ind1=' ' ind2=' ' tag='907'><subfield code='a'>.b58212309</subfield><subfield code='b'>k    </subfield><subfield code='c'>-</subfield></datafield><datafield ind1=' ' ind2=' ' tag='945'><subfield code='l'>kstk </subfield><subfield code='g'>1</subfield></datafield><datafield ind1=' ' ind2=' ' tag='979'><subfield code='a'>ocm28645480</subfield></datafield><datafield ind1=' ' ind2=' ' tag='998'><subfield code='b'>0</subfield><subfield code='c'>150812</subfield><subfield code='d'>m</subfield><subfield code='e'>a</subfield><subfield code='f'>-</subfield><subfield code='g'>0</subfield></datafield><datafield ind1=' ' ind2=' ' tag='998'><subfield code='a'>08/12/15</subfield><subfield code='s'>LC</subfield><subfield code='c'>YL</subfield></datafield><datafield ind1=' ' ind2=' ' tag='ADM'><subfield code='b'>2018-03-15 21:54:52</subfield><subfield code='e'>b58212309-01tuli_inst</subfield><subfield code='d'>ILS</subfield><subfield code='a'>2017-06-20 07:55:10</subfield><subfield code='c'>false</subfield></datafield><datafield ind1='0' ind2=' ' tag='HLD'><subfield code='b'>KARDON</subfield><subfield code='c'>p_remote</subfield><subfield code='h'>PQ6055</subfield><subfield code='i'>.H37 1993</subfield><subfield code='8'>22274558870003811</subfield></datafield><datafield ind1=' ' ind2=' ' tag='ITM'><subfield code='r'>22274558870003811</subfield><subfield code='b'>1</subfield><subfield code='h'>0</subfield><subfield code='g'>p_remote</subfield><subfield code='t'>BOOK</subfield><subfield code='9'>39074024283384</subfield><subfield code='e'>p_remote</subfield><subfield code='8'>23274558840003811</subfield><subfield code='a'>0</subfield><subfield code='q'>2017-06-20 07:55:10</subfield><subfield code='i'>PQ6055 .H37 1993</subfield><subfield code='d'>KARDON</subfield><subfield code='f'>KARDON</subfield></datafield></record>