
<record xmlns='http://www.loc.gov/MARC21/slim'><leader>03079cam a2200397Ii 4500</leader><controlfield tag='005'>20180514095558.0</controlfield><controlfield tag='008'>171019s2017    ilua     cb   000 0 eng d</controlfield><controlfield tag='001'>991036897981703811</controlfield><datafield ind1=' ' ind2=' ' tag='020'><subfield code='a'>0945558422</subfield></datafield><datafield ind1=' ' ind2=' ' tag='020'><subfield code='a'>9780945558422</subfield></datafield><datafield ind1=' ' ind2=' ' tag='035'><subfield code='a'>(OCoLC)1006586553</subfield></datafield><datafield ind1=' ' ind2=' ' tag='040'><subfield code='a'>YDX</subfield><subfield code='b'>eng</subfield><subfield code='c'>YDX</subfield><subfield code='d'>IAI</subfield><subfield code='e'>rda</subfield><subfield code='d'>OCLCO</subfield></datafield><datafield ind1=' ' ind2=' ' tag='043'><subfield code='a'>n-us-il</subfield></datafield><datafield ind1=' ' ind2='4' tag='050'><subfield code='a'>NK504.2</subfield><subfield code='b'>.S77 2017</subfield></datafield><datafield ind1='0' ind2='0' tag='245'><subfield code='a'>Strange oscillations and vibrations of sympathy /</subfield><subfield code='c'>editor, Kendra Paitz ; designer, Drea Zlanabitnig ; text by Kendra Paitz, Melissa Johnson, Xaviera Simmons, Kay Rosen, Marcelline Delbecq, Cecilia Vicuña, Deborah willis and Cheryl Finley.</subfield></datafield><datafield ind1=' ' ind2='1' tag='264'><subfield code='a'>Normal, Illinois :</subfield><subfield code='b'>University Galleries of Illinois State University,</subfield><subfield code='c'>[2017]</subfield></datafield><datafield ind1=' ' ind2='2' tag='264'><subfield code='a'>New York, New York :</subfield><subfield code='b'>Distributed Arts Publishers</subfield></datafield><datafield ind1=' ' ind2='4' tag='264'><subfield code='c'>©2017</subfield></datafield><datafield ind1=' ' ind2=' ' tag='300'><subfield code='a'>141 pages :</subfield><subfield code='b'>color illustrations, portraits ;</subfield><subfield code='c'>26 x 21 cm</subfield></datafield><datafield ind1=' ' ind2=' ' tag='336'><subfield code='a'>text</subfield><subfield code='2'>rdacontent</subfield></datafield><datafield ind1=' ' ind2=' ' tag='336'><subfield code='a'>still image</subfield><subfield code='2'>rdacontent</subfield></datafield><datafield ind1=' ' ind2=' ' tag='337'><subfield code='a'>unmediated</subfield><subfield code='2'>rdamedia</subfield></datafield><datafield ind1=' ' ind2=' ' tag='338'><subfield code='a'>volume</subfield><subfield code='2'>rdacarrier</subfield></datafield><datafield ind1=' ' ind2=' ' tag='386'><subfield code='n'>occ</subfield><subfield code='a'>artists</subfield><subfield code='2'>lcdgt</subfield></datafield><datafield ind1=' ' ind2=' ' tag='386'><subfield code='n'>gdr</subfield><subfield code='a'>women</subfield><subfield code='2'>lcdgt</subfield></datafield><datafield ind1=' ' ind2=' ' tag='500'><subfield code='a'>Cover title.</subfield></datafield><datafield ind1=' ' ind2=' ' tag='504'><subfield code='a'>Includes bibliographical references.</subfield></datafield><datafield ind1=' ' ind2=' ' tag='500'><subfield code='a'>&quot;This catalogue was published in conjunction with the exhibition Strange Oscillations and Vibrations of Sympathy, organized by Senior Curator Kendra Paitz and presented at University Galleries of Illinois State University from October 25 through December 18, 2016.&quot;--page 141.</subfield></datafield><datafield ind1=' ' ind2=' ' tag='520'><subfield code='a'>&quot;This catalogue is published in conjunction with Strange Oscillations and Vibrations of Sympathy, an exhibition of works by women artists that acknowledge women writers including Octavia Butler, A. S. Byatt, Mariá Elena Cruz Varela, Emily Dickinson, Zora Neale Hurston, Clarice Lispector, Gabriela Mistral, Toni Morrison, Alejandra Pizarnik, Mary Shelley, Rebecca Solnit, Gertrude Stein, Sylvia Plath, Mary Wollstonecraft, and Virginia Woolf.&quot;--back cover.</subfield></datafield><datafield ind1='0' ind2='0' tag='505'><subfield code='t'>Introduction ; To Become Who We Need to Become -- Lest I Fall Off the Edge of the World into Nothingness /</subfield><subfield code='r'>Kendra Paitz --</subfield><subfield code='t'>Works in the Exhibition --</subfield><subfield code='t'>Installation Views --</subfield><subfield code='t'>A desire in the process of becoming /</subfield><subfield code='r'>Melissa Johnson --</subfield><subfield code='t'>I Am Going to Eatonville : Memory and Reflection /</subfield><subfield code='r'>Deborah Willis and Cheryl Finley --</subfield><subfield code='t'>Untitled (Here I Question Myself) /</subfield><subfield code='r'>Xaviera Simmons --</subfield><subfield code='t'>A Constructed Conversation Between Kay Rosen and Virginia Woolf /</subfield><subfield code='r'>Kay Rosen --</subfield><subfield code='t'>À la dérobée : Furtively /</subfield><subfield code='r'>Marcelline Delbecq --</subfield><subfield code='t'>A Millionaire&apos;s Coup /</subfield><subfield code='r'>Cecilia Vicuña --</subfield><subfield code='t'>Appendix A : Events Related to the Exhibition --</subfield><subfield code='t'>Appendix B : Supplementary Materials --</subfield><subfield code='t'>Appendix C : Resources About Women Writers /</subfield><subfield code='r'>Chrissy LaMaster --</subfield><subfield code='t'>Acknowledgments --</subfield><subfield code='t'>Credits.</subfield></datafield><datafield ind1=' ' ind2='0' tag='650'><subfield code='a'>Women authors</subfield><subfield code='v'>Exhibitions.</subfield></datafield><datafield ind1='2' ind2='0' tag='610'><subfield code='a'>Illinois State University.</subfield><subfield code='b'>University Galleries</subfield><subfield code='v'>Catalogs.</subfield></datafield><datafield ind1='1' ind2=' ' tag='700'><subfield code='a'>Paitz, Kendra,</subfield><subfield code='e'>editor.</subfield></datafield><datafield ind1='2' ind2=' ' tag='711'><subfield code='a'>Strange oscillations and vibrations of sympathy (Exhibition)</subfield><subfield code='d'>(2016 :</subfield><subfield code='c'>Normal, Ill.)</subfield></datafield><datafield ind1=' ' ind2=' ' tag='979'><subfield code='a'>(OCoLC)1006586553</subfield></datafield><datafield ind1=' ' ind2=' ' tag='997'><subfield code='a'>20180503154629.0</subfield><subfield code='c'>YL</subfield><subfield code='d'>TEU</subfield><subfield code='s'>OCLC</subfield><subfield code='e'>MARCIVE</subfield><subfield code='e'>WCAT</subfield></datafield><datafield ind1='0' ind2=' ' tag='HLD'><subfield code='b'>MAIN</subfield><subfield code='c'>stacks</subfield><subfield code='h'>NK504.2</subfield><subfield code='i'>.S77 2017</subfield><subfield code='8'>22426069150003811</subfield></datafield><datafield ind1=' ' ind2=' ' tag='ITM'><subfield code='b'>1</subfield><subfield code='h'>0</subfield><subfield code='g'>stacks</subfield><subfield code='9'>39074025871104</subfield><subfield code='e'>stacks</subfield><subfield code='8'>23426069130003811</subfield><subfield code='a'>0</subfield><subfield code='q'>2018-05-03 19:49:17</subfield><subfield code='i'>NK504.2 .S77 2017</subfield><subfield code='d'>MAIN</subfield><subfield code='r'>2018-05-03 19:49:17</subfield><subfield code='f'>MAIN</subfield></datafield></record>