
<record xmlns='http://www.loc.gov/MARC21/slim'><leader>03492cam a2200565 i 4500</leader><controlfield tag='005'>20180315124944.0</controlfield><controlfield tag='008'>160511t20162016nyuab         000 f eng  </controlfield><controlfield tag='001'>991031594889703811</controlfield><datafield ind1=' ' ind2=' ' tag='010'><subfield code='a'>2016020063</subfield></datafield><datafield ind1=' ' ind2=' ' tag='020'><subfield code='a'>9781940953502</subfield><subfield code='q'>paperback</subfield></datafield><datafield ind1=' ' ind2=' ' tag='020'><subfield code='a'>1940953502</subfield><subfield code='q'>paperback</subfield></datafield><datafield ind1='8' ind2=' ' tag='024'><subfield code='a'>40026721048</subfield></datafield><datafield ind1=' ' ind2=' ' tag='035'><subfield code='a'>(PPT)b64479857-01tuli_inst</subfield></datafield><datafield ind1=' ' ind2=' ' tag='035'><subfield code='a'>(OCoLC)945948824</subfield></datafield><datafield ind1=' ' ind2=' ' tag='040'><subfield code='a'>DLC</subfield><subfield code='b'>eng</subfield><subfield code='e'>rda</subfield><subfield code='c'>DLC</subfield><subfield code='d'>BTCTA</subfield><subfield code='d'>YDXCP</subfield><subfield code='d'>BDX</subfield><subfield code='d'>OCLCO</subfield><subfield code='d'>OCLCF</subfield><subfield code='d'>OCLCO</subfield><subfield code='d'>OCLCQ</subfield><subfield code='d'>OCLCO</subfield><subfield code='d'>UOL</subfield><subfield code='d'>GK8</subfield><subfield code='d'>ITD</subfield><subfield code='d'>YDX</subfield><subfield code='d'>OCLCO</subfield><subfield code='d'>YUS</subfield><subfield code='d'>OCLCO</subfield></datafield><datafield ind1='1' ind2=' ' tag='041'><subfield code='a'>eng</subfield><subfield code='h'>por</subfield></datafield><datafield ind1=' ' ind2=' ' tag='042'><subfield code='a'>pcc</subfield></datafield><datafield ind1=' ' ind2=' ' tag='043'><subfield code='a'>s-bl---</subfield></datafield><datafield ind1=' ' ind2=' ' tag='090'><subfield code='a'>PQ9697.C256</subfield><subfield code='b'>C713 2016</subfield></datafield><datafield ind1='1' ind2=' ' tag='100'><subfield code='a'>Cardoso, Lúcio,</subfield><subfield code='d'>1913-1968,</subfield><subfield code='e'>author.</subfield></datafield><datafield ind1='0' ind2='0' tag='240'><subfield code='a'>Crônica de casa assassinada.</subfield><subfield code='l'>English</subfield></datafield><datafield ind1='1' ind2='0' tag='245'><subfield code='a'>Chronicle of the murdered house /</subfield><subfield code='c'>Lúcio Cardoso ; translated from the Portuguese by Margaret Jull Costa &amp; Robin Patterson ; biographical note by Benjamin Moser.</subfield></datafield><datafield ind1=' ' ind2=' ' tag='250'><subfield code='a'>First edition.</subfield></datafield><datafield ind1=' ' ind2='1' tag='264'><subfield code='a'>Rochester, NY :</subfield><subfield code='b'>Open Letter,</subfield><subfield code='c'>2016.</subfield></datafield><datafield ind1=' ' ind2='4' tag='264'><subfield code='c'>©2016</subfield></datafield><datafield ind1=' ' ind2=' ' tag='300'><subfield code='a'>xx, 592 pages ;</subfield><subfield code='c'>22 cm</subfield></datafield><datafield ind1=' ' ind2=' ' tag='336'><subfield code='a'>text</subfield><subfield code='b'>txt</subfield><subfield code='2'>rdacontent</subfield></datafield><datafield ind1=' ' ind2=' ' tag='337'><subfield code='a'>unmediated</subfield><subfield code='b'>n</subfield><subfield code='2'>rdamedia</subfield></datafield><datafield ind1=' ' ind2=' ' tag='338'><subfield code='a'>volume</subfield><subfield code='b'>nc</subfield><subfield code='2'>rdacarrier</subfield></datafield><datafield ind1=' ' ind2=' ' tag='520'><subfield code='a'>&quot;&quot;The book itself is strange-part Faulknerian meditation on the perversities, including sexual, of degenerate country folk; part Dostoevskian examination of good and evil and God-but in its strangeness lies its rare power, and in the sincerity and seriousness with which the essential questions are posed lies its greatness.&quot;--Benjamin Moser, from the introduction. Long considered one of the most important works of twentieth-century Brazilian literature, Chronicle of the Murdered House is finally available in English. Set in the southeastern state of Minas Gerais, the novel relates the dissolution of a once proud patriarchal family now represented by Timoteo, a gay scion who wanders the ancestral mansion dressed in his mother&apos;s clothes. This downfall, peppered by stories of decadence, adultery, incest, and madness, is related through a variety of narrative devices, including letters, diaries, memoirs, statements, confessions, and accounts penned by the various characters. Lúcio Cardoso (1912-1968) turned away from the social realism fashionable in 1930s Brazil and opened the doors of Brazilian literature to introspective works such as those of Clarice Lispector-his greatest follower and admirer.&quot;--</subfield><subfield code='c'>Provided by publisher.</subfield></datafield><datafield ind1=' ' ind2='0' tag='650'><subfield code='a'>Families</subfield><subfield code='z'>Brazil</subfield><subfield code='z'>Minas Gerais</subfield><subfield code='v'>Fiction.</subfield></datafield><datafield ind1=' ' ind2='0' tag='650'><subfield code='a'>Gay men</subfield><subfield code='z'>Brazil</subfield><subfield code='z'>Minas Gerais</subfield><subfield code='v'>Fiction.</subfield></datafield><datafield ind1=' ' ind2='7' tag='650'><subfield code='a'>FICTION</subfield><subfield code='x'>Literary.</subfield><subfield code='2'>bisacsh</subfield></datafield><datafield ind1=' ' ind2='7' tag='650'><subfield code='a'>FICTION</subfield><subfield code='x'>Classics.</subfield><subfield code='2'>bisacsh</subfield></datafield><datafield ind1=' ' ind2='7' tag='650'><subfield code='a'>FICTION</subfield><subfield code='x'>Gay.</subfield><subfield code='2'>bisacsh</subfield></datafield><datafield ind1=' ' ind2='7' tag='650'><subfield code='a'>HISTORY</subfield><subfield code='z'>Latin America</subfield><subfield code='x'>South America.</subfield><subfield code='2'>bisacsh</subfield></datafield><datafield ind1=' ' ind2='7' tag='650'><subfield code='a'>Families.</subfield><subfield code='2'>fast</subfield><subfield code='0'>(OCoLC)fst01728849</subfield></datafield><datafield ind1=' ' ind2='7' tag='650'><subfield code='a'>Gay men.</subfield><subfield code='2'>fast</subfield><subfield code='0'>(OCoLC)fst00939117</subfield></datafield><datafield ind1=' ' ind2='7' tag='651'><subfield code='a'>Brazil</subfield><subfield code='z'>Minas Gerais.</subfield><subfield code='2'>fast</subfield><subfield code='0'>(OCoLC)fst01207403</subfield></datafield><datafield ind1=' ' ind2='7' tag='655'><subfield code='a'>Fiction.</subfield><subfield code='2'>fast</subfield><subfield code='0'>(OCoLC)fst01423787</subfield></datafield><datafield ind1=' ' ind2='7' tag='655'><subfield code='a'>Psychological fiction.</subfield><subfield code='2'>fast</subfield><subfield code='0'>(OCoLC)fst01726481</subfield></datafield><datafield ind1=' ' ind2='7' tag='655'><subfield code='a'>Psychological fiction.</subfield><subfield code='2'>lcgft</subfield></datafield><datafield ind1='1' ind2=' ' tag='700'><subfield code='a'>Costa, Margaret Jull,</subfield><subfield code='e'>translator.</subfield></datafield><datafield ind1='1' ind2=' ' tag='700'><subfield code='a'>Patterson, Robin,</subfield><subfield code='e'>translator.</subfield></datafield><datafield ind1='1' ind2=' ' tag='700'><subfield code='a'>Moser, Benjamin,</subfield><subfield code='e'>writer of introduction.</subfield></datafield><datafield ind1='0' ind2='8' tag='776'><subfield code='i'>Online version:</subfield><subfield code='a'>Cardoso, Lúcio, 1913-1968, author.</subfield><subfield code='t'>Chronicle of the murdered house.</subfield><subfield code='d'>Rochester, NY : Open Letter, 2016</subfield><subfield code='z'>9781940953519</subfield><subfield code='w'>(DLC) 2016024405</subfield></datafield><datafield ind1=' ' ind2=' ' tag='907'><subfield code='a'>.b64479857</subfield><subfield code='b'>p    </subfield><subfield code='c'>-</subfield></datafield><datafield ind1=' ' ind2=' ' tag='945'><subfield code='l'>pstk </subfield><subfield code='g'>1</subfield></datafield><datafield ind1=' ' ind2=' ' tag='998'><subfield code='b'>1</subfield><subfield code='c'>170421</subfield><subfield code='d'>m</subfield><subfield code='e'>a</subfield><subfield code='f'>-</subfield><subfield code='g'>0</subfield></datafield><datafield ind1=' ' ind2=' ' tag='998'><subfield code='b'>1</subfield><subfield code='c'>170421</subfield><subfield code='d'>m</subfield><subfield code='e'>a</subfield><subfield code='f'>-</subfield><subfield code='g'>0</subfield></datafield><datafield ind1=' ' ind2=' ' tag='ADM'><subfield code='b'>2018-03-15 16:49:44</subfield><subfield code='e'>b64479857-01tuli_inst</subfield><subfield code='d'>ILS</subfield><subfield code='a'>2017-06-20 08:42:27</subfield><subfield code='c'>false</subfield></datafield><datafield ind1='0' ind2=' ' tag='HLD'><subfield code='b'>MAIN</subfield><subfield code='c'>stacks</subfield><subfield code='h'>PQ9697.C256</subfield><subfield code='i'>C713 2016</subfield><subfield code='8'>22285575420003811</subfield></datafield><datafield ind1=' ' ind2=' ' tag='ITM'><subfield code='r'>22285575420003811</subfield><subfield code='b'>1</subfield><subfield code='h'>0</subfield><subfield code='g'>stacks</subfield><subfield code='t'>BOOK</subfield><subfield code='9'>39074030217665</subfield><subfield code='e'>stacks</subfield><subfield code='8'>23285575410003811</subfield><subfield code='a'>0</subfield><subfield code='q'>2017-06-20 08:42:27</subfield><subfield code='i'>PQ9697.C256 C713 2016</subfield><subfield code='d'>MAIN</subfield><subfield code='f'>MAIN</subfield></datafield></record>