
<record xmlns='http://www.loc.gov/MARC21/slim'><leader>03216nam  2200493 i 4500</leader><controlfield tag='001'>991036747082803811</controlfield><controlfield tag='005'>20170906224541.0</controlfield><controlfield tag='006'>m     o  d |      </controlfield><controlfield tag='007'>cr cnu||||||||</controlfield><controlfield tag='008'>130118t20132013nyua    ob    001 0 eng|d</controlfield><datafield ind1=' ' ind2=' ' tag='020'><subfield code='a'>1-4384-4860-0</subfield></datafield><datafield ind1=' ' ind2=' ' tag='035'><subfield code='a'>(CKB)3710000000074039</subfield></datafield><datafield ind1=' ' ind2=' ' tag='035'><subfield code='a'>(EBL)3408806</subfield></datafield><datafield ind1=' ' ind2=' ' tag='035'><subfield code='a'>(SSID)ssj0001114276</subfield></datafield><datafield ind1=' ' ind2=' ' tag='035'><subfield code='a'>(PQKBManifestationID)11633383</subfield></datafield><datafield ind1=' ' ind2=' ' tag='035'><subfield code='a'>(PQKBTitleCode)TC0001114276</subfield></datafield><datafield ind1=' ' ind2=' ' tag='035'><subfield code='a'>(PQKBWorkID)11055367</subfield></datafield><datafield ind1=' ' ind2=' ' tag='035'><subfield code='a'>(PQKB)10455457</subfield></datafield><datafield ind1=' ' ind2=' ' tag='035'><subfield code='a'>(MiAaPQ)EBC3408806</subfield></datafield><datafield ind1=' ' ind2=' ' tag='035'><subfield code='a'>(EXLCZ)993710000000074039</subfield></datafield><datafield ind1=' ' ind2=' ' tag='040'><subfield code='a'>MiAaPQ</subfield><subfield code='b'>eng</subfield><subfield code='e'>rda</subfield><subfield code='e'>pn</subfield><subfield code='c'>MiAaPQ</subfield><subfield code='d'>MiAaPQ</subfield></datafield><datafield ind1=' ' ind2=' ' tag='041'><subfield code='a'>eng</subfield></datafield><datafield ind1=' ' ind2=' ' tag='043'><subfield code='a'>e-sp---</subfield><subfield code='a'>cl-----</subfield></datafield><datafield ind1=' ' ind2='4' tag='050'><subfield code='a'>F1414</subfield><subfield code='b'>.G388 2013</subfield></datafield><datafield ind1='0' ind2='0' tag='082'><subfield code='a'>980.03</subfield></datafield><datafield ind1='1' ind2=' ' tag='100'><subfield code='a'>Gentic, Tania,</subfield><subfield code='d'>1978-</subfield></datafield><datafield ind1='1' ind2='4' tag='245'><subfield code='a'>The everyday Atlantic :</subfield><subfield code='b'>time, knowledge, and subjectivity in the twentieth-century Iberian and Latin American newspaper chronicle /</subfield><subfield code='c'>Tania Gentic.</subfield></datafield><datafield ind1=' ' ind2='1' tag='264'><subfield code='a'>Albany :</subfield><subfield code='b'>State University of New York Press,</subfield><subfield code='c'>[2013]</subfield></datafield><datafield ind1=' ' ind2='4' tag='264'><subfield code='c'>©2013</subfield></datafield><datafield ind1=' ' ind2=' ' tag='300'><subfield code='a'>1 online resource (325 p.)</subfield></datafield><datafield ind1=' ' ind2=' ' tag='336'><subfield code='a'>text</subfield><subfield code='b'>txt</subfield></datafield><datafield ind1=' ' ind2=' ' tag='337'><subfield code='a'>computer</subfield><subfield code='b'>c</subfield></datafield><datafield ind1=' ' ind2=' ' tag='338'><subfield code='a'>online resource</subfield><subfield code='b'>cr</subfield></datafield><datafield ind1=' ' ind2='0' tag='440'><subfield code='a'>SUNY series in Latin American and Iberian thought and culture</subfield></datafield><datafield ind1='1' ind2=' ' tag='490'><subfield code='a'>SUNY Series in Latin American and Iberian Thought and Culture</subfield></datafield><datafield ind1=' ' ind2=' ' tag='500'><subfield code='a'>Description based upon print version of record.</subfield></datafield><datafield ind1=' ' ind2=' ' tag='546'><subfield code='a'>English</subfield></datafield><datafield ind1='0' ind2=' ' tag='505'><subfield code='a'>Reading time, knowledge, and power in the Ibero-American Atlantic -- The Mediterranean is the Atlantic : imperialisme and ideology in Eugeni d&apos;Ors&apos; Catalan gloses -- Reimagining America, reproducing Europe : ambivalence and intersubjectivity in Germán Arciniegas&apos; &quot;indigenous&quot; ethics -- Knowledge beyond borders : Clarice Lispector chronicles affect in dictatorship Brazil -- The virtual subject : Carlos Monsiváis, media time and Mexico&apos;s &quot;citizens-on-their-way-to-becoming-citizens&quot; -- Conclusion: From chronicle to blog : (digital) knowledge and the Atlantic subject as palimpsest.</subfield></datafield><datafield ind1=' ' ind2=' ' tag='504'><subfield code='a'>Includes bibliographical references and index.</subfield></datafield><datafield ind1='2' ind2=' ' tag='520'><subfield code='a'>&quot;Rethinks the concepts of nation and community in Spain and Latin America by examining the everyday writing of the newspaper chronicle and blog&quot;--Provided by publisher.</subfield></datafield><datafield ind1=' ' ind2=' ' tag='588'><subfield code='a'>Description based on print version record.</subfield></datafield><datafield ind1=' ' ind2='0' tag='650'><subfield code='a'>Nationalism</subfield><subfield code='z'>Latin America</subfield><subfield code='x'>History</subfield><subfield code='y'>20th century.</subfield></datafield><datafield ind1=' ' ind2='0' tag='650'><subfield code='a'>Nationalism</subfield><subfield code='z'>Spain</subfield><subfield code='x'>History</subfield><subfield code='y'>20th century.</subfield></datafield><datafield ind1=' ' ind2='0' tag='650'><subfield code='a'>Group identity</subfield><subfield code='x'>Political aspects</subfield><subfield code='z'>Latin America</subfield><subfield code='x'>History</subfield><subfield code='y'>20th century.</subfield></datafield><datafield ind1=' ' ind2='0' tag='650'><subfield code='a'>Group identity</subfield><subfield code='x'>Political aspects</subfield><subfield code='z'>Spain</subfield><subfield code='x'>History</subfield><subfield code='y'>20th century.</subfield></datafield><datafield ind1=' ' ind2='0' tag='650'><subfield code='a'>Newspapers</subfield><subfield code='x'>Sections, columns, etc.</subfield><subfield code='x'>Political aspects</subfield><subfield code='x'>History</subfield><subfield code='y'>20th century.</subfield></datafield><datafield ind1=' ' ind2='0' tag='650'><subfield code='a'>Newspaper reading</subfield><subfield code='x'>Political aspects</subfield><subfield code='x'>History</subfield><subfield code='y'>20th century.</subfield></datafield><datafield ind1=' ' ind2='0' tag='650'><subfield code='a'>Time</subfield><subfield code='x'>Political aspects</subfield><subfield code='x'>History</subfield><subfield code='y'>20th century.</subfield></datafield><datafield ind1=' ' ind2='0' tag='650'><subfield code='a'>Subjectivity</subfield><subfield code='x'>Political aspects</subfield><subfield code='x'>History</subfield><subfield code='y'>20th century.</subfield></datafield><datafield ind1=' ' ind2='4' tag='655'><subfield code='a'>Electronic books.</subfield></datafield><datafield ind1=' ' ind2='0' tag='651'><subfield code='a'>Spain</subfield><subfield code='x'>Intellectual life</subfield><subfield code='y'>20th century.</subfield></datafield><datafield ind1=' ' ind2='0' tag='651'><subfield code='a'>Latin America</subfield><subfield code='x'>Intellectual life</subfield><subfield code='y'>20th century.</subfield></datafield><datafield ind1=' ' ind2=' ' tag='776'><subfield code='z'>1-4384-4859-7</subfield></datafield><datafield ind1=' ' ind2='0' tag='830'><subfield code='a'>SUNY Series in Latin American and Iberian Thought and Culture</subfield></datafield><datafield ind1=' ' ind2=' ' tag='906'><subfield code='a'>BOOK</subfield></datafield><datafield ind1=' ' ind2=' ' tag='PRT'><subfield code='a'>53406457770003811</subfield><subfield code='b'>https://sandbox01-na.alma.exlibrisgroup.com/view/uresolver/01TULI_INST/openurl?u.ignore_date_coverage=true&amp;rft.mms_id=991036747082803811</subfield><subfield code='e'>EBSCOhost</subfield><subfield code='c'>EBSCOhost eBook History Collection - North America</subfield><subfield code='h'>613790000000001582</subfield><subfield code='8'>53406457770003811</subfield></datafield><datafield ind1=' ' ind2=' ' tag='PRT'><subfield code='a'>53396632940003811</subfield><subfield code='b'>https://sandbox01-na.alma.exlibrisgroup.com/view/uresolver/01TULI_INST/openurl?u.ignore_date_coverage=true&amp;rft.mms_id=991036747082803811</subfield><subfield code='e'>EBSCOhost</subfield><subfield code='c'>EBSCOhost eBook Community College Collection</subfield><subfield code='h'>613860000000000003</subfield><subfield code='8'>53396632940003811</subfield></datafield><datafield ind1=' ' ind2=' ' tag='PRT'><subfield code='a'>53421518370003811</subfield><subfield code='b'>https://sandbox01-na.alma.exlibrisgroup.com/view/uresolver/01TULI_INST/openurl?u.ignore_date_coverage=true&amp;rft.mms_id=991036747082803811</subfield><subfield code='e'>Ebook Central</subfield><subfield code='c'>Ebook Central Academic Complete</subfield><subfield code='h'>614200000000000002</subfield><subfield code='8'>53421518370003811</subfield></datafield></record>