
<record xmlns='http://www.loc.gov/MARC21/slim'><leader>01095nam  2200313 a 4500</leader><controlfield tag='001'>991036807008003811</controlfield><controlfield tag='005'>20170814174823.0</controlfield><controlfield tag='006'>m     o  d |      </controlfield><controlfield tag='007'>cr -n---------</controlfield><controlfield tag='008'>201210r2011    sp |||||o|||||||||||cat d</controlfield><datafield ind1=' ' ind2=' ' tag='020'><subfield code='a'>84-9029-061-X</subfield></datafield><datafield ind1=' ' ind2=' ' tag='035'><subfield code='a'>(CKB)2670000000254245</subfield></datafield><datafield ind1=' ' ind2=' ' tag='035'><subfield code='a'>(EBL)3201391</subfield></datafield><datafield ind1=' ' ind2=' ' tag='035'><subfield code='a'>(OCoLC)923035242</subfield></datafield><datafield ind1=' ' ind2=' ' tag='035'><subfield code='a'>(SSID)ssj0000993530</subfield></datafield><datafield ind1=' ' ind2=' ' tag='035'><subfield code='a'>(PQKBManifestationID)11633516</subfield></datafield><datafield ind1=' ' ind2=' ' tag='035'><subfield code='a'>(PQKBTitleCode)TC0000993530</subfield></datafield><datafield ind1=' ' ind2=' ' tag='035'><subfield code='a'>(PQKBWorkID)10956217</subfield></datafield><datafield ind1=' ' ind2=' ' tag='035'><subfield code='a'>(PQKB)11676611</subfield></datafield><datafield ind1=' ' ind2=' ' tag='035'><subfield code='a'>(MiAaPQ)EBC3201391</subfield></datafield><datafield ind1=' ' ind2=' ' tag='035'><subfield code='a'>(EXLCZ)992670000000254245</subfield></datafield><datafield ind1=' ' ind2=' ' tag='040'><subfield code='a'>MiAaPQ</subfield><subfield code='c'>MiAaPQ</subfield><subfield code='d'>MiAaPQ</subfield></datafield><datafield ind1=' ' ind2=' ' tag='041'><subfield code='a'>cat</subfield></datafield><datafield ind1=' ' ind2='4' tag='050'><subfield code='a'>N7626</subfield><subfield code='b'>F632 2011</subfield></datafield><datafield ind1=' ' ind2=' ' tag='080'><subfield code='a'>7:611</subfield></datafield><datafield ind1='0' ind2='0' tag='082'><subfield code='a'>70494230904</subfield></datafield><datafield ind1='1' ind2=' ' tag='100'><subfield code='a'>Acedo, Noemí.</subfield></datafield><datafield ind1='0' ind2='2' tag='245'><subfield code='a'>A flor de text</subfield><subfield code='h'>[recurso electronico] :</subfield><subfield code='b'>representacions de la corporeïtat als llenguatges artístics /</subfield><subfield code='c'>Noemí Acedo, Aina Pérez (eds.).</subfield></datafield><datafield ind1=' ' ind2=' ' tag='260'><subfield code='a'>Barcelona :</subfield><subfield code='b'>Editorial UOC,</subfield><subfield code='c'>2011.</subfield></datafield><datafield ind1=' ' ind2=' ' tag='300'><subfield code='a'>1 online resource (227 p.)</subfield></datafield><datafield ind1=' ' ind2=' ' tag='336'><subfield code='a'>text</subfield><subfield code='b'>txt</subfield></datafield><datafield ind1=' ' ind2=' ' tag='337'><subfield code='a'>computer</subfield><subfield code='b'>c</subfield></datafield><datafield ind1=' ' ind2=' ' tag='338'><subfield code='a'>online resource</subfield><subfield code='b'>cr</subfield></datafield><datafield ind1='1' ind2=' ' tag='490'><subfield code='a'>Cuerpos que cuentan ;</subfield><subfield code='v'>8</subfield></datafield><datafield ind1=' ' ind2=' ' tag='500'><subfield code='a'>Description based upon print version of record.</subfield></datafield><datafield ind1='0' ind2=' ' tag='505'><subfield code='a'>A flor de text: representations de la corporeïtat als llenguatges artístics; Página legal; Índex; Marcs; Auto/retrats. Reptes de la mirada; Cadàvers emmarcats: cos, gènere i visualitat al tombant de segle XIX-XX; Autopictografiar-se: escriure-o-dibuixar el jo des del (i amb el) cos; Mapa, territori i cos. Les cartografies corporals d&apos;Adriana Calatayud i Tatiana Parcero; Rostres en fuga: usos de la fotografia en la construcció autorial i biogràfica de Clarice Lispector; Amina: la tecnologia 2.0 al servei de la creació d&apos;una veu crítica; Entre tu i jo (...)</subfield></datafield><datafield ind1='8' ind2=' ' tag='505'><subfield code='a'>Entre les paraules i les coses, allà on la poesia s&apos;aboca per a donar(-te) cosLes cartes de Marina Tsviétaieva: el gènere epistolar i les seves implicacions corporals; Un procés de feminació de la nació catalana: la paraula política/poètica de Maria-Mercè Marçal; «Si no puc ballar, la teva revolució no m&apos;interessa»; Coreografies de la quietud: dansa i altermundisme; L&apos;autoria del cos (...); Al punt de mira (...); La descorporització de l&apos;embaràs al cinema actual fet per dones; El cine de Lucrecia Martel: allí donde los hombres serían poetas</subfield></datafield><datafield ind1='8' ind2=' ' tag='505'><subfield code='a'>Corporalidades no normativas, sexualidades en la encrucijada: la intersexualidad como jaque a los binarismosCartografiant el(s) sentit(s) (...); Cuerpos colonizados, cuerpos cautivos: el caso de Lucía Miranda; Filosofía corpórea en El Pez de Oro, de Gamaliel Churata; Queers llatinoamericans: contradiccions i pautes de lectura en dos casos de la narrativa del segle XX; Generacions que degeneren&amp;#x2026; La narrativa de María Luisa Puga; Poètiques de la memòria (...)</subfield></datafield><datafield ind1=' ' ind2=' ' tag='546'><subfield code='a'>Catalan</subfield></datafield><datafield ind1=' ' ind2='4' tag='650'><subfield code='a'>Hombre en el arte. </subfield></datafield><datafield ind1=' ' ind2='4' tag='650'><subfield code='a'>Cuerpo humano (Filosofía)</subfield></datafield><datafield ind1=' ' ind2='4' tag='650'><subfield code='a'>Men in art.</subfield></datafield><datafield ind1=' ' ind2='4' tag='650'><subfield code='a'>Human body (Philosophy)</subfield></datafield><datafield ind1=' ' ind2='4' tag='655'><subfield code='a'>Electronic books.</subfield></datafield><datafield ind1=' ' ind2=' ' tag='776'><subfield code='z'>84-9788-471-X</subfield></datafield><datafield ind1='1' ind2=' ' tag='700'><subfield code='a'>Acedo, Noemí, </subfield><subfield code='e'>ed.</subfield></datafield><datafield ind1='1' ind2=' ' tag='700'><subfield code='a'>Pérez, Aina, </subfield><subfield code='e'>ed.</subfield></datafield><datafield ind1='2' ind2=' ' tag='710'><subfield code='a'>e-libro, Corp.</subfield></datafield><datafield ind1=' ' ind2='0' tag='830'><subfield code='a'>Cuerpos que cuentan. ; </subfield><subfield code='v'>8.</subfield></datafield><datafield ind1=' ' ind2=' ' tag='906'><subfield code='a'>BOOK</subfield></datafield><datafield ind1=' ' ind2=' ' tag='ADM'><subfield code='b'>2017-11-25 19:18:10</subfield><subfield code='e'>2670000000254245</subfield><subfield code='d'>PQNKB</subfield><subfield code='f'>20160815010220.0</subfield><subfield code='a'>2012-10-21 07:18:18</subfield><subfield code='c'>false</subfield></datafield><datafield ind1=' ' ind2=' ' tag='PRT'><subfield code='a'>53390085390003811</subfield><subfield code='b'>https://sandbox01-na.alma.exlibrisgroup.com/view/uresolver/01TULI_INST/openurl?u.ignore_date_coverage=true&amp;rft.mms_id=991036807008003811</subfield><subfield code='e'>ebrary</subfield><subfield code='9'>Available</subfield><subfield code='c'>e-libro Catedra</subfield><subfield code='h'>611000000000001752</subfield><subfield code='8'>53390085390003811</subfield></datafield></record>