
<record xmlns='http://www.loc.gov/MARC21/slim'><leader>01142nam  2200277 a 4500</leader><controlfield tag='001'>991036892434503811</controlfield><controlfield tag='005'>20170821170339.0</controlfield><controlfield tag='006'>m     o  d |      </controlfield><controlfield tag='007'>cr -n---------</controlfield><controlfield tag='008'>201212r2005    cl |||||o|||||||||||spa d</controlfield><datafield ind1=' ' ind2=' ' tag='020'><subfield code='a'>1-4492-8300-4</subfield></datafield><datafield ind1=' ' ind2=' ' tag='035'><subfield code='a'>(CKB)2670000000280746</subfield></datafield><datafield ind1=' ' ind2=' ' tag='035'><subfield code='a'>(EBL)3204637</subfield></datafield><datafield ind1=' ' ind2=' ' tag='035'><subfield code='a'>(OCoLC)923009759</subfield></datafield><datafield ind1=' ' ind2=' ' tag='035'><subfield code='a'>(SSID)ssj0001022369</subfield></datafield><datafield ind1=' ' ind2=' ' tag='035'><subfield code='a'>(PQKBManifestationID)11571882</subfield></datafield><datafield ind1=' ' ind2=' ' tag='035'><subfield code='a'>(PQKBTitleCode)TC0001022369</subfield></datafield><datafield ind1=' ' ind2=' ' tag='035'><subfield code='a'>(PQKBWorkID)10999418</subfield></datafield><datafield ind1=' ' ind2=' ' tag='035'><subfield code='a'>(PQKB)11261600</subfield></datafield><datafield ind1=' ' ind2=' ' tag='035'><subfield code='a'>(MiAaPQ)EBC3204637</subfield></datafield><datafield ind1=' ' ind2=' ' tag='035'><subfield code='a'>(EXLCZ)992670000000280746</subfield></datafield><datafield ind1=' ' ind2=' ' tag='040'><subfield code='a'>MiAaPQ</subfield><subfield code='c'>MiAaPQ</subfield><subfield code='d'>MiAaPQ</subfield></datafield><datafield ind1=' ' ind2=' ' tag='041'><subfield code='a'>spa</subfield></datafield><datafield ind1=' ' ind2='4' tag='050'><subfield code='a'>PQ7081</subfield><subfield code='b'>E612 2005</subfield></datafield><datafield ind1='0' ind2='0' tag='082'><subfield code='a'>860.9</subfield></datafield><datafield ind1='1' ind2=' ' tag='100'><subfield code='a'>André, María Claudia.</subfield></datafield><datafield ind1='0' ind2='0' tag='245'><subfield code='a'>Entre mujeres</subfield><subfield code='h'>[recurso electronico] :</subfield><subfield code='b'>colaboraciones, influencias e intertextualidades en la literatura y el arte latinoamericanos /</subfield><subfield code='c'>María Claudia André, Patricia Rubio (comps.).</subfield></datafield><datafield ind1=' ' ind2=' ' tag='260'><subfield code='a'>Santiago de Chile :</subfield><subfield code='b'>RIl. editores,</subfield><subfield code='c'>2005.</subfield></datafield><datafield ind1=' ' ind2=' ' tag='300'><subfield code='a'>1 online resource (248 p.)</subfield></datafield><datafield ind1=' ' ind2=' ' tag='336'><subfield code='a'>text</subfield><subfield code='b'>txt</subfield></datafield><datafield ind1=' ' ind2=' ' tag='337'><subfield code='a'>computer</subfield><subfield code='b'>c</subfield></datafield><datafield ind1=' ' ind2=' ' tag='338'><subfield code='a'>online resource</subfield><subfield code='b'>cr</subfield></datafield><datafield ind1=' ' ind2=' ' tag='500'><subfield code='a'>Description based upon print version of record.</subfield></datafield><datafield ind1='0' ind2=' ' tag='505'><subfield code='a'>Entre mujeres: colaboraciones, influencias e intertextualidades en la literatura y el arte latinoamericanos  ; Página Legal; Índice; Introducción; Co-Laborar; Escribiendo yo, escribiendo ella, escribiendo nosotras; Escritura/Imagen: acercamientos a la colaboración artística entre Diamela Eltit y Lotty Rosenfeld; Crónica cultural, género y posicionalidades: fotoensayo documental Iturbide-Poniatowska; Jesusa Rodríguez y Astrid Hadad: Intersecciones performativas en la escena mexicana actual; El diálogo poético como forma de apoyo y sobrevivencia: mi relación con Sandra María Esteves</subfield></datafield><datafield ind1='8' ind2=' ' tag='505'><subfield code='a'>Victoria Ocampo y Virginia Woolf: Ensayística a dos vocesDesencuentros de la sororidad republicana en el Perú de fin de siglo; Revelaciones y ocultamientos en &quot;La mano en la trampa&quot; de Beatriz Guido:; Alejandra Pizarnik y Silvina Ocampo: la legitimación de un espacio transgresor dentro del campo intelectual argentino; El nacimiento del monstruo argentino1: Juego de diálogos y reflejos intertextuales entre Frankenstein, de Mary Shelley, y Nada que ver con otra historia, de Griselda Gambaro; Clarice Lispector/Hélene Cixous: texto a dos voces</subfield></datafield><datafield ind1='8' ind2=' ' tag='505'><subfield code='a'>Ensayistas latinoamericanas: asuntos de género literario, identidad femenina y concientización por la escrituraEsa herencia: el jardín, el poema</subfield></datafield><datafield ind1=' ' ind2=' ' tag='546'><subfield code='a'>Spanish</subfield></datafield><datafield ind1=' ' ind2='4' tag='650'><subfield code='a'>Literatura latinoamericana</subfield><subfield code='x'>Autoras</subfield><subfield code='x'>Historia y crítica.</subfield></datafield><datafield ind1=' ' ind2='4' tag='650'><subfield code='a'>Identidad de género en literatura.</subfield></datafield><datafield ind1=' ' ind2='0' tag='650'><subfield code='a'>Latin American literature</subfield><subfield code='x'>History and criticism.</subfield></datafield><datafield ind1=' ' ind2='0' tag='650'><subfield code='a'>Gender identity in literature.</subfield></datafield><datafield ind1=' ' ind2='4' tag='655'><subfield code='a'>Electronic books.</subfield></datafield><datafield ind1=' ' ind2=' ' tag='776'><subfield code='z'>956-284-414-5</subfield></datafield><datafield ind1='1' ind2=' ' tag='700'><subfield code='a'>André, María Claudia, </subfield><subfield code='e'>comp.</subfield></datafield><datafield ind1='1' ind2=' ' tag='700'><subfield code='a'>Rubio, Patricia, </subfield><subfield code='e'>comp.</subfield></datafield><datafield ind1='2' ind2=' ' tag='710'><subfield code='a'>e-libro, Corp.</subfield></datafield><datafield ind1=' ' ind2=' ' tag='906'><subfield code='a'>BOOK</subfield></datafield><datafield ind1=' ' ind2=' ' tag='PRT'><subfield code='a'>53418330260003811</subfield><subfield code='b'>https://sandbox01-na.alma.exlibrisgroup.com/view/uresolver/01TULI_INST/openurl?u.ignore_date_coverage=true&amp;rft.mms_id=991036892434503811</subfield><subfield code='e'>Ebook Central</subfield><subfield code='c'>Elibro via Ebook Central Cátedra</subfield><subfield code='h'>613790000000001523</subfield><subfield code='8'>53418330260003811</subfield></datafield></record>