
<record xmlns='http://www.loc.gov/MARC21/slim'><leader>02916cam a2200445 a 4500</leader><controlfield tag='005'>20180315193622.0</controlfield><controlfield tag='008'>030108s2004    nyua     b    001 0 eng  </controlfield><controlfield tag='001'>991024707869703811</controlfield><datafield ind1=' ' ind2=' ' tag='010'><subfield code='a'>2003000413</subfield></datafield><datafield ind1=' ' ind2=' ' tag='020'><subfield code='a'>0820463205</subfield></datafield><datafield ind1=' ' ind2=' ' tag='035'><subfield code='a'>(PPT)b32829437-01tuli_inst</subfield></datafield><datafield ind1=' ' ind2=' ' tag='035'><subfield code='a'>(CStRLIN)ocn492159945</subfield><subfield code='9'>ExL</subfield></datafield><datafield ind1=' ' ind2=' ' tag='035'><subfield code='a'>ocm51519737</subfield></datafield><datafield ind1=' ' ind2=' ' tag='035'><subfield code='a'>(OCLC)ocm51519737</subfield></datafield><datafield ind1=' ' ind2=' ' tag='040'><subfield code='a'>DLC</subfield><subfield code='c'>DLC</subfield><subfield code='d'>CtY</subfield></datafield><datafield ind1='0' ind2=' ' tag='041'><subfield code='a'>engfreporspa</subfield></datafield><datafield ind1=' ' ind2=' ' tag='042'><subfield code='a'>pcc</subfield></datafield><datafield ind1=' ' ind2=' ' tag='043'><subfield code='a'>cl-----</subfield></datafield><datafield ind1=' ' ind2=' ' tag='079'><subfield code='a'>ocm51519737</subfield></datafield><datafield ind1=' ' ind2=' ' tag='090'><subfield code='a'>PQ7082.P76</subfield><subfield code='b'>L38 2004</subfield></datafield><datafield ind1='0' ind2='0' tag='245'><subfield code='a'>Latin American narratives and cultural identity :</subfield><subfield code='b'>selected readings /</subfield><subfield code='c'>edited by Irene Maria F. Blayer, Mark Anderson.</subfield></datafield><datafield ind1=' ' ind2=' ' tag='260'><subfield code='a'>New York :</subfield><subfield code='b'>P. Lang,</subfield><subfield code='c'>2004.</subfield></datafield><datafield ind1=' ' ind2=' ' tag='300'><subfield code='a'>x, 258 p. :</subfield><subfield code='b'>ill. ;</subfield><subfield code='c'>24 cm.</subfield></datafield><datafield ind1='1' ind2=' ' tag='490'><subfield code='a'>Latin America ;</subfield><subfield code='v'>v. 7.</subfield></datafield><datafield ind1=' ' ind2=' ' tag='504'><subfield code='a'>Includes bibliographical references and index.</subfield></datafield><datafield ind1='0' ind2=' ' tag='505'><subfield code='a'>Storytelling and cultural identity in Latin America / Mario J. Valdš -- The Mexican corrido, truth claims, and identity configurations / Daniel F. Chamberlain -- Two radical storytellers for the young (and) old / Martha J. Nandorfy -- History after history&apos;s end : cultural reconstruction in Margarita, est linda la mar / Stephen Henighan -- Narratives of trauma from the Southern Cone / Yvonne S. Unnold -- Rethinking transculturation and hybridity : an Andean perspective / Elizabeth Monasterios -- Metaphoric narration in Mesoamerican tradition / Elena M. De Costa -- The Dreadren and the message : of martyrdom and mythopoiesis in Caribbean literature / Jerome Branche -- Crǒle, culture et oraliť aux Antilles franȧises / Diana Ramassamy -- Clarice Lispector&apos;s A hora da estrela : through the lens of Suzana Amaral / Cristina Santos -- Mťamorphose volatile de l&apos;ḿe du guerrier : une croyance mythique dans le Mexique ancien / Marie Chompř Sautron -- O baetat existe realmente? / Vanderci de Andrade Aguilera -- El mito de la conspiraci̤n en el imaginario pol̕tico de los peri̤dicos de Bah̕a Blanca (Provincia de Buenos Aires) durante el primer gobierno radical, 1916-1922 / Laura Llull -- The legend of La Llorona : excavating and (re)interpreting the archetype of the  creative/fertile feminine force / M. Figueredo.</subfield></datafield><datafield ind1=' ' ind2='0' tag='650'><subfield code='a'>Latin American prose literature</subfield><subfield code='x'>History and criticism.</subfield></datafield><datafield ind1=' ' ind2='0' tag='650'><subfield code='a'>Group identity in literature.</subfield></datafield><datafield ind1=' ' ind2='0' tag='650'><subfield code='a'>Group identity</subfield><subfield code='z'>Latin America.</subfield></datafield><datafield ind1=' ' ind2='0' tag='650'><subfield code='a'>Oral tradition</subfield><subfield code='z'>Latin America.</subfield></datafield><datafield ind1=' ' ind2='0' tag='650'><subfield code='a'>Literature and society</subfield><subfield code='z'>Latin America.</subfield></datafield><datafield ind1='1' ind2=' ' tag='700'><subfield code='a'>Blayer, Irene Maria.</subfield></datafield><datafield ind1='1' ind2=' ' tag='700'><subfield code='a'>Anderson, Mark Cronlund,</subfield><subfield code='d'>1960-</subfield></datafield><datafield ind1=' ' ind2='0' tag='830'><subfield code='a'>Latin America (Peter Lang Publishing) ;</subfield><subfield code='v'>v. 7.</subfield></datafield><datafield ind1=' ' ind2=' ' tag='907'><subfield code='a'>.b32829437</subfield><subfield code='b'>p    </subfield><subfield code='c'>-</subfield></datafield><datafield ind1=' ' ind2=' ' tag='945'><subfield code='l'>pstk </subfield><subfield code='g'>1</subfield></datafield><datafield ind1=' ' ind2=' ' tag='952'><subfield code='a'>DCLC2003000413-B</subfield><subfield code='b'>Library of Congress</subfield><subfield code='d'>URI</subfield><subfield code='h'>Core</subfield><subfield code='i'>LCC</subfield><subfield code='k'>DDC</subfield><subfield code='n'>DLC</subfield><subfield code='p'>PCC</subfield><subfield code='r'>CAT</subfield><subfield code='u'>20040626</subfield></datafield><datafield ind1=' ' ind2=' ' tag='979'><subfield code='a'>ocm51519737</subfield></datafield><datafield ind1=' ' ind2=' ' tag='998'><subfield code='b'>0</subfield><subfield code='c'>071107</subfield><subfield code='d'>m</subfield><subfield code='e'>a</subfield><subfield code='f'>-</subfield><subfield code='g'>0</subfield></datafield><datafield ind1=' ' ind2=' ' tag='998'><subfield code='a'>11/07/07</subfield><subfield code='s'>LC</subfield><subfield code='c'>AT</subfield></datafield><datafield ind1=' ' ind2=' ' tag='ADM'><subfield code='b'>2018-03-15 23:36:22</subfield><subfield code='e'>b32829437-01tuli_inst</subfield><subfield code='d'>ILS</subfield><subfield code='a'>2017-06-20 14:21:42</subfield><subfield code='c'>false</subfield></datafield><datafield ind1='0' ind2=' ' tag='HLD'><subfield code='b'>MAIN</subfield><subfield code='c'>stacks</subfield><subfield code='h'>PQ7082.P76</subfield><subfield code='i'>L38 2004</subfield><subfield code='8'>22331166430003811</subfield></datafield><datafield ind1=' ' ind2=' ' tag='ITM'><subfield code='r'>22331166430003811</subfield><subfield code='b'>1</subfield><subfield code='h'>0</subfield><subfield code='g'>stacks</subfield><subfield code='t'>BOOK</subfield><subfield code='9'>39074023422728</subfield><subfield code='e'>stacks</subfield><subfield code='8'>23331166420003811</subfield><subfield code='a'>0</subfield><subfield code='q'>2017-06-20 14:21:42</subfield><subfield code='i'>PQ7082.P76 L38 2004</subfield><subfield code='d'>MAIN</subfield><subfield code='f'>MAIN</subfield></datafield></record>