
<record xmlns='http://www.loc.gov/MARC21/slim'><leader>03099pam a2200481 a 4500</leader><controlfield tag='005'>20180315214753.0</controlfield><controlfield tag='008'>020404s2002    mnua     b   s001 0 eng  </controlfield><controlfield tag='001'>991033959889703811</controlfield><datafield ind1=' ' ind2=' ' tag='010'><subfield code='a'>2002005414</subfield></datafield><datafield ind1=' ' ind2=' ' tag='020'><subfield code='a'>0816639213 (pbk. : alk. paper)</subfield></datafield><datafield ind1=' ' ind2=' ' tag='020'><subfield code='a'>0816639205 (hbk. : alk. paper)</subfield></datafield><datafield ind1=' ' ind2=' ' tag='035'><subfield code='a'>(PPT)b26228002-01tuli_inst</subfield></datafield><datafield ind1=' ' ind2=' ' tag='035'><subfield code='a'>(DLC)ocn489458566</subfield><subfield code='9'>ExL</subfield></datafield><datafield ind1=' ' ind2=' ' tag='035'><subfield code='a'>DLC  2002005414</subfield></datafield><datafield ind1=' ' ind2=' ' tag='035'><subfield code='a'>ocm49650243</subfield></datafield><datafield ind1=' ' ind2=' ' tag='035'><subfield code='a'>(OCLC)ocm49650243</subfield></datafield><datafield ind1=' ' ind2=' ' tag='040'><subfield code='a'>DLC</subfield><subfield code='c'>DLC</subfield><subfield code='d'>OrLoB</subfield></datafield><datafield ind1=' ' ind2=' ' tag='042'><subfield code='a'>pcc</subfield></datafield><datafield ind1=' ' ind2=' ' tag='043'><subfield code='a'>s-bl---</subfield><subfield code='a'>e-po---</subfield><subfield code='a'>f------</subfield></datafield><datafield ind1=' ' ind2=' ' tag='079'><subfield code='a'>ocm49650243</subfield></datafield><datafield ind1=' ' ind2=' ' tag='090'><subfield code='a'>PQ9522.S48</subfield><subfield code='b'>L86 2002</subfield></datafield><datafield ind1='0' ind2='0' tag='245'><subfield code='a'>Lusosex :</subfield><subfield code='b'>gender and sexuality in the Portuguese-speaking world /</subfield><subfield code='c'>Susan Canty Quinlan and Fernando Arenas, editors.</subfield></datafield><datafield ind1=' ' ind2=' ' tag='260'><subfield code='a'>Minneapolis, MN ;</subfield><subfield code='a'>London :</subfield><subfield code='b'>University of Minnesota Press,</subfield><subfield code='c'>c2002.</subfield></datafield><datafield ind1=' ' ind2=' ' tag='300'><subfield code='a'>xxxvii, 317 p. :</subfield><subfield code='b'>ill. ;</subfield><subfield code='c'>24 cm.</subfield></datafield><datafield ind1=' ' ind2=' ' tag='504'><subfield code='a'>Includes bibliographical references and index.</subfield></datafield><datafield ind1='0' ind2=' ' tag='505'><subfield code='a'>Tivira, the man with the broken butt : same-sex practices among Brazilian Indians / João Silvério Trevisan -- Machado de Assis and Graciliano Ramos : speculations on sex and sexuality / John Gledson -- Fernando Pessoa&apos;s gay heteronym? / Richard Zenith -- Brazilian homoerotics : cultural subjectivity and representation in the fiction of Gilberto Freyre / Jossianna Arroyo -- Fictions of the impossible : Clarice Lispector, Lúcio Cardoso, and &quot;Impossibilidade&quot; / Severino João Albuquerque -- Loving in the lands of Portugal : sex in women&apos;s fictions and the nationalist order / Ana Paula Ferreira -- Not just for love, pleasure, or procreation : eroto-racial, sociopolitical, and mystic-mythical discourses of sexuality in Pepetela&apos;s A geração da utopia / Russell G. Hamilton --</subfield></datafield><datafield ind1='0' ind2=' ' tag='505'><subfield code='a'>Border writing, postcoloniality, and critical difference in the works of Orlanda Amarílis / Phyllis Peres -- &quot;I was Evita,&quot; or Ecce femina : Lídia Jorge&apos;s The murmuring coast / Ronald W. Sousa -- Supermen and Chiquita Bacana&apos;s daughters : transgendered voices in Brazilian popular music / César Braga-Pinto -- Cross-dressing : Silviano Santiago&apos;s fictional performances / Susan Canty Quinlan -- Small epiphanies in the night of the world : the writing of Caio Fernando Abreu / Fernando Arenas -- The impossible body : queering the nation in modern Portuguese dance / André Torres Lepecki -- Al Berto, in memoriam : the Luso queer principle / Mario César Lugarinho.</subfield></datafield><datafield ind1=' ' ind2='0' tag='650'><subfield code='a'>Brazilian literature</subfield><subfield code='x'>History and criticism.</subfield></datafield><datafield ind1=' ' ind2='0' tag='650'><subfield code='a'>Portuguese literature</subfield><subfield code='x'>History and criticism.</subfield></datafield><datafield ind1=' ' ind2='0' tag='650'><subfield code='a'>African literature (Portuguese)</subfield><subfield code='x'>History and criticism.</subfield></datafield><datafield ind1=' ' ind2='0' tag='650'><subfield code='a'>Sex in literature.</subfield></datafield><datafield ind1=' ' ind2='0' tag='650'><subfield code='a'>Sex in popular culture</subfield><subfield code='z'>Portuguese-speaking countries.</subfield></datafield><datafield ind1=' ' ind2='0' tag='650'><subfield code='a'>Sex customs</subfield><subfield code='z'>Portuguese-speaking countries.</subfield></datafield><datafield ind1='1' ind2=' ' tag='700'><subfield code='a'>Quinlan, Susan Canty,</subfield><subfield code='d'>1948-</subfield></datafield><datafield ind1='1' ind2=' ' tag='700'><subfield code='a'>Arenas, Fernando,</subfield><subfield code='d'>1963-</subfield></datafield><datafield ind1=' ' ind2=' ' tag='901'><subfield code='a'>BNA</subfield></datafield><datafield ind1=' ' ind2=' ' tag='901'><subfield code='a'>R6346334</subfield></datafield><datafield ind1=' ' ind2=' ' tag='902'><subfield code='a'>030118AB0701</subfield></datafield><datafield ind1=' ' ind2=' ' tag='907'><subfield code='a'>.b26228002</subfield><subfield code='b'>p    </subfield><subfield code='c'>-</subfield></datafield><datafield ind1=' ' ind2=' ' tag='945'><subfield code='l'>pstk </subfield><subfield code='g'>1</subfield></datafield><datafield ind1=' ' ind2=' ' tag='979'><subfield code='a'>ocm49650243</subfield></datafield><datafield ind1=' ' ind2=' ' tag='998'><subfield code='b'>1</subfield><subfield code='c'>030211</subfield><subfield code='d'>m</subfield><subfield code='e'>a</subfield><subfield code='f'>-</subfield><subfield code='g'>0</subfield></datafield><datafield ind1=' ' ind2=' ' tag='998'><subfield code='b'>1</subfield><subfield code='c'>030211</subfield><subfield code='d'>m</subfield><subfield code='e'>a</subfield><subfield code='f'>-</subfield><subfield code='g'>0</subfield></datafield><datafield ind1=' ' ind2=' ' tag='ADM'><subfield code='b'>2018-03-16 01:47:53</subfield><subfield code='e'>b26228002-01tuli_inst</subfield><subfield code='d'>ILS</subfield><subfield code='a'>2017-06-20 13:21:43</subfield><subfield code='c'>false</subfield></datafield><datafield ind1='0' ind2=' ' tag='HLD'><subfield code='b'>MAIN</subfield><subfield code='c'>stacks</subfield><subfield code='h'>PQ9522.S48</subfield><subfield code='i'>L86 2002</subfield><subfield code='8'>22324436360003811</subfield></datafield><datafield ind1=' ' ind2=' ' tag='ITM'><subfield code='r'>22324436360003811</subfield><subfield code='b'>1</subfield><subfield code='h'>0</subfield><subfield code='g'>stacks</subfield><subfield code='t'>BOOK</subfield><subfield code='9'>39074015805377</subfield><subfield code='e'>stacks</subfield><subfield code='8'>23324436350003811</subfield><subfield code='a'>0</subfield><subfield code='q'>2017-06-20 13:21:43</subfield><subfield code='i'>PQ9522.S48 L86 2002</subfield><subfield code='d'>MAIN</subfield><subfield code='f'>MAIN</subfield></datafield></record>