
<record xmlns='http://www.loc.gov/MARC21/slim'><leader>02793nam  2200541Ia 4500</leader><controlfield tag='001'>991036745918103811</controlfield><controlfield tag='005'>20180202225228.0</controlfield><controlfield tag='006'>m     o  d |      </controlfield><controlfield tag='008'>970903s1997    ne a    ob    001 0 eng d</controlfield><datafield ind1=' ' ind2=' ' tag='010'><subfield code='z'>   97035014 </subfield></datafield><datafield ind1=' ' ind2=' ' tag='020'><subfield code='a'>1-283-17444-8</subfield></datafield><datafield ind1=' ' ind2=' ' tag='020'><subfield code='a'>9786613174444</subfield></datafield><datafield ind1=' ' ind2=' ' tag='020'><subfield code='a'>90-272-8353-2</subfield></datafield><datafield ind1=' ' ind2=' ' tag='035'><subfield code='a'>(CKB)2550000000039116</subfield></datafield><datafield ind1=' ' ind2=' ' tag='035'><subfield code='a'>(EBL)784244</subfield></datafield><datafield ind1=' ' ind2=' ' tag='035'><subfield code='a'>(OCoLC)746920718</subfield></datafield><datafield ind1=' ' ind2=' ' tag='035'><subfield code='a'>(SSID)ssj0000943108</subfield></datafield><datafield ind1=' ' ind2=' ' tag='035'><subfield code='a'>(PQKBManifestationID)11484304</subfield></datafield><datafield ind1=' ' ind2=' ' tag='035'><subfield code='a'>(PQKBTitleCode)TC0000943108</subfield></datafield><datafield ind1=' ' ind2=' ' tag='035'><subfield code='a'>(PQKBWorkID)10975251</subfield></datafield><datafield ind1=' ' ind2=' ' tag='035'><subfield code='a'>(PQKB)10592952</subfield></datafield><datafield ind1=' ' ind2=' ' tag='035'><subfield code='a'>(MiAaPQ)EBC784244</subfield></datafield><datafield ind1=' ' ind2=' ' tag='035'><subfield code='a'>(EXLCZ)992550000000039116</subfield></datafield><datafield ind1=' ' ind2=' ' tag='040'><subfield code='a'>MiAaPQ</subfield><subfield code='c'>MiAaPQ</subfield><subfield code='d'>MiAaPQ</subfield></datafield><datafield ind1=' ' ind2=' ' tag='041'><subfield code='a'>eng</subfield></datafield><datafield ind1=' ' ind2='4' tag='050'><subfield code='a'>PN241</subfield><subfield code='b'>.T743 1998</subfield></datafield><datafield ind1='0' ind2='0' tag='082'><subfield code='a'>418.02</subfield></datafield><datafield ind1='1' ind2=' ' tag='100'><subfield code='a'>Orero, Pilar.</subfield></datafield><datafield ind1='0' ind2='4' tag='245'><subfield code='a'>The translator&apos;s dialogue</subfield><subfield code='h'>[electronic resource] :</subfield><subfield code='b'>Giovanni Pontiero /</subfield><subfield code='c'>edited by Pilar Orero, Juan C. Sager.</subfield></datafield><datafield ind1=' ' ind2=' ' tag='260'><subfield code='a'>Amsterdam ;</subfield><subfield code='a'>Philadelphia :</subfield><subfield code='b'>J. Benjamins Pub.,</subfield><subfield code='c'>c1997.</subfield></datafield><datafield ind1=' ' ind2=' ' tag='300'><subfield code='a'>1 online resource (266 p.)</subfield></datafield><datafield ind1=' ' ind2=' ' tag='336'><subfield code='a'>text</subfield><subfield code='b'>txt</subfield></datafield><datafield ind1=' ' ind2=' ' tag='337'><subfield code='a'>computer</subfield><subfield code='b'>c</subfield></datafield><datafield ind1=' ' ind2=' ' tag='338'><subfield code='a'>online resource</subfield><subfield code='b'>cr</subfield></datafield><datafield ind1='1' ind2=' ' tag='490'><subfield code='a'>Benjamins translation library ;</subfield><subfield code='v'>v. 24</subfield></datafield><datafield ind1=' ' ind2=' ' tag='500'><subfield code='a'>Description based upon print version of record.</subfield></datafield><datafield ind1='0' ind2=' ' tag='505'><subfield code='a'>THE TRANSLATOR&apos;S DIALOGUE GIOVANNI PONTIERO; Editorial page; Title page; Copyright page; Acknowledgements; Table of contents; Introduction; Chapter One. Essays by Giovanni Pontiero; Chapter Two. Authors&apos; comments on the translator&apos;s work; Chapter Three. Editors&apos; comments on collaboration with the translator; Chapter Four. Literary critics&apos; and translators&apos; comments on the translations; Chapter Five. Giovanni Pontiero 1932-1996; Coisas -- Things. a short story by José Saramago; List of Contributors; References; INDEX</subfield></datafield><datafield ind1=' ' ind2=' ' tag='520'><subfield code='a'>The Translator&apos;s Dialogue: Giovanni Pontiero is a tribute to an outstanding translator of literary works from Portuguese, Luso-Brasilian, Italian and Spanish into English. The translator introduced authors such as Carlos Drummond de Andrade, Manuel Bandeira, Clarice Lispector and José Saramago to the English reading world. Pontiero&apos;s essays shed light on the process of literary translation and its impact on cultural perception. This process is exemplified by Pontiero the translator and analyst, some of the authors he collaborated with, publishers&apos; editors and literary critics and,</subfield></datafield><datafield ind1=' ' ind2=' ' tag='546'><subfield code='a'>English</subfield></datafield><datafield ind1=' ' ind2=' ' tag='504'><subfield code='a'>Includes bibliographical references (p. [247]-250) and index.</subfield></datafield><datafield ind1=' ' ind2='0' tag='650'><subfield code='a'>Translating and interpreting.</subfield></datafield><datafield ind1=' ' ind2='4' tag='655'><subfield code='a'>Electronic books.</subfield></datafield><datafield ind1='1' ind2='0' tag='600'><subfield code='a'>Pontiero, Giovanni.</subfield></datafield><datafield ind1=' ' ind2=' ' tag='776'><subfield code='z'>90-272-1627-4</subfield></datafield><datafield ind1='1' ind2=' ' tag='700'><subfield code='a'>Orero, Pilar.</subfield></datafield><datafield ind1='1' ind2=' ' tag='700'><subfield code='a'>Sager, Juan C.</subfield></datafield><datafield ind1='1' ind2=' ' tag='700'><subfield code='a'>Pontiero, Giovanni.</subfield></datafield><datafield ind1=' ' ind2='0' tag='830'><subfield code='a'>Benjamins translation library ;</subfield><subfield code='v'>v. 24.</subfield></datafield><datafield ind1=' ' ind2=' ' tag='906'><subfield code='a'>BOOK</subfield></datafield><datafield ind1=' ' ind2=' ' tag='PRT'><subfield code='a'>53422014090003811</subfield><subfield code='b'>https://sandbox01-na.alma.exlibrisgroup.com/view/uresolver/01TULI_INST/openurl?u.ignore_date_coverage=true&amp;rft.mms_id=991036745918103811</subfield><subfield code='e'>Ebook Central</subfield><subfield code='c'>Ebook Central Academic Complete</subfield><subfield code='h'>614200000000000002</subfield><subfield code='8'>53422014090003811</subfield></datafield><datafield ind1=' ' ind2=' ' tag='PRT'><subfield code='a'>53394049170003811</subfield><subfield code='b'>https://sandbox01-na.alma.exlibrisgroup.com/view/uresolver/01TULI_INST/openurl?u.ignore_date_coverage=true&amp;rft.mms_id=991036745918103811</subfield><subfield code='e'>EBSCOhost</subfield><subfield code='c'>EBSCOhost Academic eBook Collection (North America)</subfield><subfield code='h'>613640000000000029</subfield><subfield code='8'>53394049170003811</subfield></datafield></record>