
<record xmlns='http://www.loc.gov/MARC21/slim'><leader>03383nam a22004455i 4500</leader><controlfield tag='001'>991036901783403811</controlfield><controlfield tag='005'>20171003120442.0</controlfield><controlfield tag='007'>cr nn 008mamaa</controlfield><controlfield tag='008'>171003s2017    gw |    o    |||| 0|eng d</controlfield><datafield ind1=' ' ind2=' ' tag='020'><subfield code='a'>3-319-58362-X</subfield></datafield><datafield ind1='7' ind2=' ' tag='024'><subfield code='a'>10.1007/978-3-319-58362-4</subfield><subfield code='2'>doi</subfield></datafield><datafield ind1=' ' ind2=' ' tag='035'><subfield code='a'>(CKB)4100000000882622</subfield></datafield><datafield ind1=' ' ind2=' ' tag='035'><subfield code='a'>(DE-He213)978-3-319-58362-4</subfield></datafield><datafield ind1=' ' ind2=' ' tag='035'><subfield code='a'>(EXLCZ)994100000000882622</subfield></datafield><datafield ind1=' ' ind2='4' tag='050'><subfield code='a'>PN45-PN57</subfield></datafield><datafield ind1=' ' ind2='7' tag='072'><subfield code='a'>DSA</subfield><subfield code='2'>bicssc</subfield></datafield><datafield ind1=' ' ind2='7' tag='072'><subfield code='a'>LIT006000</subfield><subfield code='2'>bisacsh</subfield></datafield><datafield ind1='0' ind2='4' tag='082'><subfield code='a'>801</subfield><subfield code='2'>23</subfield></datafield><datafield ind1='1' ind2='0' tag='245'><subfield code='a'>Reading and Writing Experimental Texts</subfield><subfield code='h'>[electronic resource] :</subfield><subfield code='b'>Critical Innovations /</subfield><subfield code='c'>edited by Robin Silbergleid, Kristina Quynn.</subfield></datafield><datafield ind1=' ' ind2='1' tag='264'><subfield code='a'>Cham :</subfield><subfield code='b'>Springer International Publishing :</subfield><subfield code='b'>Imprint: Palgrave Macmillan,</subfield><subfield code='c'>2017.</subfield></datafield><datafield ind1=' ' ind2=' ' tag='300'><subfield code='a'>1 online resource (XV, 301 p. 8 illus.) </subfield></datafield><datafield ind1=' ' ind2=' ' tag='336'><subfield code='a'>text</subfield><subfield code='b'>txt</subfield><subfield code='2'>rdacontent</subfield></datafield><datafield ind1=' ' ind2=' ' tag='337'><subfield code='a'>computer</subfield><subfield code='b'>c</subfield><subfield code='2'>rdamedia</subfield></datafield><datafield ind1=' ' ind2=' ' tag='338'><subfield code='a'>online resource</subfield><subfield code='b'>cr</subfield><subfield code='2'>rdacarrier</subfield></datafield><datafield ind1=' ' ind2=' ' tag='347'><subfield code='a'>text file</subfield><subfield code='b'>PDF</subfield><subfield code='2'>rda</subfield></datafield><datafield ind1='0' ind2=' ' tag='505'><subfield code='a'>1 Critical Play: An Introduction -- 2 Ecological Echoing: Following the Footsteps -- 3 Carole Maso’s AVA and the Practice of Reading: Selves in Dialogue -- 4 Expert Witness: Living in the Dirt -- 5 Blah Blah Bleh: Bulimic Writing as Resistance -- 6 “In the Soul of the Sidereal World”: Mining Barbara Hodgson and Claudia Cohen’s The WunderCabinet for a Critical Model of Interdisciplinary Curiosity -- 7 Reading and Writing in Kristjana Gunnars’s Rose Garden -- 8 The Water Will Hold You: On Lidia Yuknavitch’s The Chronology of Water -- 9 Writing a Sacred Self: Kathy Acker and Wonder / Amy Nolan -- 10 Impulses Toward a Telepathic Reading of Clarice Lispector’s The Stations of the Body and “The Beak of a Bird” by Amina Cain -- 11 Still Life with My Grandmother’s China: Mark Doty and the Lyric Essay -- 12 Lessons from Lying: Autobiographical Performances and the Conventions of Nonfiction -- 13 Take 12: A Critical Performance.</subfield></datafield><datafield ind1=' ' ind2=' ' tag='520'><subfield code='a'>This collection of essays offers twelve innovative approaches to contemporary literary criticism. The contributors, women scholars who range from undergraduate students to contingent faculty to endowed chairs, stage a critical dialogue that raises vital questions about the aims and forms of criticism— its discourses and politics, as well as the personal, institutional, and economic conditions of its production. Offering compelling feminist and queer readings of avant-garde twentieth- and twenty-first-century texts, the essays included here are playful, performative, and theoretically savvy. Written for students, scholars, and professors in literature and creative writing, Reading and Writing Experimental Texts provides examples for doing literary scholarship in innovative ways. These provocative readings invite conversation and community, reminding us that if the stakes of critical innovation are high, so are the pleasures.</subfield></datafield><datafield ind1=' ' ind2='0' tag='650'><subfield code='a'>Literature.</subfield></datafield><datafield ind1=' ' ind2='0' tag='650'><subfield code='a'>Literature</subfield><subfield code='x'>Philosophy.</subfield></datafield><datafield ind1=' ' ind2='0' tag='650'><subfield code='a'>Creative writing.</subfield></datafield><datafield ind1='1' ind2='4' tag='650'><subfield code='a'>Literature.</subfield></datafield><datafield ind1='2' ind2='4' tag='650'><subfield code='a'>Literary Theory.</subfield></datafield><datafield ind1='2' ind2='4' tag='650'><subfield code='a'>Creative Writing.</subfield></datafield><datafield ind1='2' ind2='4' tag='650'><subfield code='a'>Feminist Culture.</subfield></datafield><datafield ind1=' ' ind2=' ' tag='776'><subfield code='z'>3-319-58361-1</subfield></datafield><datafield ind1='1' ind2=' ' tag='700'><subfield code='a'>Silbergleid, Robin.</subfield><subfield code='e'>editor.</subfield></datafield><datafield ind1='1' ind2=' ' tag='700'><subfield code='a'>Quynn, Kristina.</subfield><subfield code='e'>editor.</subfield></datafield><datafield ind1=' ' ind2=' ' tag='906'><subfield code='a'>BOOK</subfield></datafield><datafield ind1=' ' ind2=' ' tag='PRT'><subfield code='a'>53425933340003811</subfield><subfield code='b'>https://sandbox01-na.alma.exlibrisgroup.com/view/uresolver/01TULI_INST/openurl?u.ignore_date_coverage=true&amp;rft.mms_id=991036901783403811</subfield><subfield code='e'>Springer Link</subfield><subfield code='c'>SpringerLINK eBooks - English/International Collection (2017)</subfield><subfield code='h'>613810000000000404</subfield><subfield code='8'>53425933340003811</subfield></datafield></record>