
<record xmlns='http://www.loc.gov/MARC21/slim'><leader>01731nam  2200397 i 4500</leader><controlfield tag='001'>991036732681103811</controlfield><controlfield tag='005'>20170822115351.0</controlfield><controlfield tag='006'>m     o  d |      </controlfield><controlfield tag='007'>cr cn ---a||||</controlfield><controlfield tag='008'>150131t20152015wiu     ob    001 0 eng d</controlfield><datafield ind1=' ' ind2=' ' tag='020'><subfield code='a'>0-299-30063-3</subfield></datafield><datafield ind1=' ' ind2=' ' tag='035'><subfield code='a'>(CKB)3710000000341302</subfield></datafield><datafield ind1=' ' ind2=' ' tag='035'><subfield code='a'>(EBL)3445437</subfield></datafield><datafield ind1=' ' ind2=' ' tag='035'><subfield code='a'>(SSID)ssj0001423678</subfield></datafield><datafield ind1=' ' ind2=' ' tag='035'><subfield code='a'>(PQKBManifestationID)12513684</subfield></datafield><datafield ind1=' ' ind2=' ' tag='035'><subfield code='a'>(PQKBTitleCode)TC0001423678</subfield></datafield><datafield ind1=' ' ind2=' ' tag='035'><subfield code='a'>(PQKBWorkID)11439981</subfield></datafield><datafield ind1=' ' ind2=' ' tag='035'><subfield code='a'>(PQKB)10634890</subfield></datafield><datafield ind1=' ' ind2=' ' tag='035'><subfield code='a'>(MiAaPQ)EBC3445437</subfield></datafield><datafield ind1=' ' ind2=' ' tag='035'><subfield code='a'>(EXLCZ)993710000000341302</subfield></datafield><datafield ind1=' ' ind2=' ' tag='040'><subfield code='a'>MiAaPQ</subfield><subfield code='b'>eng</subfield><subfield code='e'>rda</subfield><subfield code='e'>pn</subfield><subfield code='c'>MiAaPQ</subfield><subfield code='d'>MiAaPQ</subfield></datafield><datafield ind1=' ' ind2=' ' tag='041'><subfield code='a'>eng</subfield></datafield><datafield ind1=' ' ind2=' ' tag='043'><subfield code='a'>s-bl---</subfield></datafield><datafield ind1=' ' ind2='4' tag='050'><subfield code='a'>PN2471</subfield><subfield code='b'>.P477 2015</subfield></datafield><datafield ind1='0' ind2='0' tag='082'><subfield code='a'>791.09</subfield></datafield><datafield ind1='0' ind2='0' tag='245'><subfield code='a'>Performing Brazil :</subfield><subfield code='b'>essays on culture, identity, and the performing arts /</subfield><subfield code='c'>edited by Severino J. Albuquerque and Kathryn Bishop-Sanchez.</subfield></datafield><datafield ind1=' ' ind2='1' tag='264'><subfield code='a'>Madison, Wisconsin ;</subfield><subfield code='a'>London, England :</subfield><subfield code='b'>The University of Wisconsin Press,</subfield><subfield code='c'>2015.</subfield></datafield><datafield ind1=' ' ind2='4' tag='264'><subfield code='c'>©2015</subfield></datafield><datafield ind1=' ' ind2=' ' tag='300'><subfield code='a'>1 online resource (vi, 305 pages) :</subfield><subfield code='b'>illustrations.</subfield></datafield><datafield ind1=' ' ind2=' ' tag='336'><subfield code='a'>text</subfield><subfield code='b'>txt</subfield><subfield code='2'>rdacontent</subfield></datafield><datafield ind1=' ' ind2=' ' tag='337'><subfield code='a'>computer</subfield><subfield code='b'>c</subfield><subfield code='2'>rdamedia</subfield></datafield><datafield ind1=' ' ind2=' ' tag='338'><subfield code='a'>online resource</subfield><subfield code='b'>cr</subfield><subfield code='2'>rdacarrier</subfield></datafield><datafield ind1=' ' ind2=' ' tag='504'><subfield code='a'>Includes bibliographical references and index.</subfield></datafield><datafield ind1='0' ind2=' ' tag='505'><subfield code='a'>Introduction: why Performing Brazil? / Severino J. Albuquerque and Kathryn Bishop-Sanchez -- On the (im)possibility of performing Brazil / Kathryn Bishop-Sanchez -- Biting the meat, spitting it out: twenty-first-century cannibalism / Fernando de Sousa Rocha -- Performing Brazilianness through dance: the case of Grupo Corpo / Cristina F. Rosa -- Staging capoeira, samba, Maculelê, and Candomblé: Viva Bahia&apos;s choreographies of Afro-Brazilian folklore for the global stage / Ana Paula Höfling -- Global identities of capoeira and the Berimbau: keeping it Brazilian overseas / Eric Galm -- Performing cultural visibility: Brazilian immigrants, Mardi Gras, and New Orleans / Annie Gibson -- Maurício Einhorn: musical crossings / Bryan McCann -- Playing with realism(s): narrating the Morro through performance and the visual arts / Lidia Santos -- The bicultural sex symbol: Sônia Braga in Brazilian and North American popular culture / Benjamin Legg -- Body language and embodied spaces: performing the public and the private in Arnaldo Antunes&apos;s Nome / Alessandra Santos -- Post-periphery performances: reclaiming artistic legacies, histories, and archives / Simone Osthoff -- Performative devices in Clarice Lispector&apos;s texts / Maria Jose Somerlate Barbosa.</subfield></datafield><datafield ind1=' ' ind2=' ' tag='520'><subfield code='a'>A field-shaping anthology by top cultural critics and practitioners representing a wide range of disciplines and art forms, Performing Brazil is the first book to bring together studies of the many and varied manifestations of Brazilian performance in and beyond their country of origin. Arguing that diverse forms of performance are best understood when presented in tandem, it offers new takes on better-known forms, such as carnival and capoeira, as well as those studied less often, including gender acts, curatorial practice, political protest, and the performance of Brazil in the United States.</subfield></datafield><datafield ind1=' ' ind2=' ' tag='500'><subfield code='a'>Bibliographic Level Mode of Issuance: Monograph</subfield></datafield><datafield ind1=' ' ind2=' ' tag='546'><subfield code='a'>English</subfield></datafield><datafield ind1=' ' ind2=' ' tag='588'><subfield code='a'>Description based on print version record.</subfield></datafield><datafield ind1=' ' ind2='0' tag='651'><subfield code='a'>Brazil</subfield><subfield code='x'>Civilization.</subfield></datafield><datafield ind1=' ' ind2='0' tag='650'><subfield code='a'>Performing arts</subfield><subfield code='z'>Brazil.</subfield></datafield><datafield ind1=' ' ind2='0' tag='650'><subfield code='a'>Dance</subfield><subfield code='z'>Brazil.</subfield></datafield><datafield ind1=' ' ind2='0' tag='650'><subfield code='a'>Brazilians</subfield><subfield code='x'>Ethnic identity.</subfield></datafield><datafield ind1=' ' ind2='0' tag='650'><subfield code='a'>Arts, Brazilian.</subfield></datafield><datafield ind1=' ' ind2='4' tag='655'><subfield code='a'>Electronic books.</subfield></datafield><datafield ind1='1' ind2='8' tag='776'><subfield code='i'>Print version:</subfield><subfield code='z'>9780299300647</subfield></datafield><datafield ind1=' ' ind2=' ' tag='776'><subfield code='z'>1-322-65155-8</subfield></datafield><datafield ind1=' ' ind2=' ' tag='776'><subfield code='z'>0-299-30064-1</subfield></datafield><datafield ind1=' ' ind2=' ' tag='776'><subfield code='z'>9780299300630 (ebk)</subfield></datafield><datafield ind1='1' ind2=' ' tag='700'><subfield code='a'>Albuquerque, Severino João Medeiros,</subfield><subfield code='e'>editor.</subfield></datafield><datafield ind1='1' ind2=' ' tag='700'><subfield code='a'>Bishop-Sanchez, Kathryn,</subfield><subfield code='e'>editor.</subfield></datafield><datafield ind1=' ' ind2=' ' tag='906'><subfield code='a'>BOOK</subfield></datafield><datafield ind1=' ' ind2=' ' tag='PRT'><subfield code='a'>53425103650003811</subfield><subfield code='b'>https://sandbox01-na.alma.exlibrisgroup.com/view/uresolver/01TULI_INST/openurl?u.ignore_date_coverage=true&amp;rft.mms_id=991036732681103811</subfield><subfield code='e'>Ebook Central</subfield><subfield code='c'>Ebook Central University Press</subfield><subfield code='h'>614330000000000093</subfield><subfield code='8'>53425103650003811</subfield></datafield><datafield ind1=' ' ind2=' ' tag='PRT'><subfield code='a'>53395104710003811</subfield><subfield code='b'>https://sandbox01-na.alma.exlibrisgroup.com/view/uresolver/01TULI_INST/openurl?u.ignore_date_coverage=true&amp;rft.mms_id=991036732681103811</subfield><subfield code='e'>EBSCOhost</subfield><subfield code='c'>EBSCOhost Academic eBook Collection (North America)</subfield><subfield code='h'>613640000000000029</subfield><subfield code='8'>53395104710003811</subfield></datafield></record>