
<record xmlns='http://www.loc.gov/MARC21/slim'><leader>03997cam a2200553 i 4500</leader><controlfield tag='005'>20180315122558.0</controlfield><controlfield tag='008'>150330t20152015nyu      b    001 0 eng  </controlfield><controlfield tag='001'>991023495029703811</controlfield><datafield ind1=' ' ind2=' ' tag='010'><subfield code='a'>2015012067</subfield></datafield><datafield ind1=' ' ind2=' ' tag='020'><subfield code='a'>9781603291910</subfield><subfield code='q'>hardcover</subfield><subfield code='q'>alkaline paper</subfield></datafield><datafield ind1=' ' ind2=' ' tag='020'><subfield code='a'>1603291911</subfield><subfield code='q'>hardcover</subfield><subfield code='q'>alkaline paper</subfield></datafield><datafield ind1=' ' ind2=' ' tag='020'><subfield code='a'>9781603291927</subfield><subfield code='q'>paperback</subfield><subfield code='q'>alkaline paper</subfield></datafield><datafield ind1=' ' ind2=' ' tag='020'><subfield code='a'>160329192X</subfield><subfield code='q'>paperback</subfield><subfield code='q'>alkaline paper</subfield></datafield><datafield ind1=' ' ind2=' ' tag='020'><subfield code='z'>9781603291934</subfield><subfield code='q'>electronic publication</subfield></datafield><datafield ind1=' ' ind2=' ' tag='020'><subfield code='z'>9781603291941</subfield><subfield code='q'>kindle</subfield></datafield><datafield ind1=' ' ind2=' ' tag='035'><subfield code='a'>(PPT)b61619735-01tuli_inst</subfield></datafield><datafield ind1=' ' ind2=' ' tag='035'><subfield code='a'>(OCoLC)896840084</subfield></datafield><datafield ind1=' ' ind2=' ' tag='035'><subfield code='a'>ocn896840084</subfield></datafield><datafield ind1=' ' ind2=' ' tag='035'><subfield code='a'>(OCLC)ocn896840084</subfield></datafield><datafield ind1=' ' ind2=' ' tag='040'><subfield code='a'>DLC</subfield><subfield code='e'>rda</subfield><subfield code='b'>eng</subfield><subfield code='c'>DLC</subfield><subfield code='d'>YDX</subfield><subfield code='d'>YDXCP</subfield><subfield code='d'>BTCTA</subfield><subfield code='d'>BDX</subfield><subfield code='d'>OCLCF</subfield><subfield code='d'>SZR</subfield><subfield code='d'>OCLCO</subfield><subfield code='d'>IAD</subfield><subfield code='d'>OCLCO</subfield></datafield><datafield ind1=' ' ind2=' ' tag='042'><subfield code='a'>pcc</subfield></datafield><datafield ind1=' ' ind2=' ' tag='043'><subfield code='a'>n-us---</subfield></datafield><datafield ind1=' ' ind2=' ' tag='079'><subfield code='a'>ocn896840084</subfield></datafield><datafield ind1=' ' ind2=' ' tag='090'><subfield code='a'>PQ7081.43</subfield><subfield code='b'>.T43 2015</subfield></datafield><datafield ind1='0' ind2='0' tag='245'><subfield code='a'>Teaching the Latin American boom /</subfield><subfield code='c'>edited by Lucille Kerr and Alejandro Herrero-Olaizola.</subfield></datafield><datafield ind1=' ' ind2='1' tag='264'><subfield code='a'>New York :</subfield><subfield code='b'>The Modern Language Association of America,</subfield><subfield code='c'>2015.</subfield></datafield><datafield ind1=' ' ind2='4' tag='264'><subfield code='c'>©2015</subfield></datafield><datafield ind1=' ' ind2=' ' tag='300'><subfield code='a'>vii, 297 pages ;</subfield><subfield code='c'>23 cm.</subfield></datafield><datafield ind1=' ' ind2=' ' tag='336'><subfield code='a'>text</subfield><subfield code='b'>txt</subfield><subfield code='2'>rdacontent</subfield></datafield><datafield ind1=' ' ind2=' ' tag='337'><subfield code='a'>unmediated</subfield><subfield code='b'>n</subfield><subfield code='2'>rdamedia</subfield></datafield><datafield ind1=' ' ind2=' ' tag='338'><subfield code='a'>volume</subfield><subfield code='b'>nc</subfield><subfield code='2'>rdacarrier</subfield></datafield><datafield ind1='1' ind2=' ' tag='490'><subfield code='a'>Options for teaching,</subfield><subfield code='x'>1079-2562 ;</subfield><subfield code='v'>37</subfield></datafield><datafield ind1=' ' ind2=' ' tag='504'><subfield code='a'>Includes bibliographical references and index.</subfield></datafield><datafield ind1='0' ind2=' ' tag='505'><subfield code='a'>Introduction / Lucille Kerr and Alejandro Herrero-Olaizola -- Framing the boom. The boom and innovators of the early twentieth century: teaching the interrelations / Naomi Lindstrom -- Macho: teaching literary histories of the boom / Debra Castillo -- Lessons about the writing self and the boom: Donoso, Fuentes, and Vargas Llosa / Sara Castro-Klaren -- Lessons for reading around the boom: new narrative trends and traditions / Lucille Kerr -- Texts and contexts for the boom classroom: teaching Arguedas / Gareth Williams -- Reading fiction through Julio Cortazar: a genealogy, a theory for the classroom / Laura Demaria -- Instructions for how to teach the boom in Julio Cortazar&apos;s Rayuela / Marcy Schwartz -- Lessons of the Baroque in Guillermo Cabrera Infante&apos;s Tres tristes tigres / Roberto Ignacio Diaz -- Literature and redemption: teaching Gabriel Garcia Marquez&apos;s No one writes to the colonel / Bruno Bosteels -- Disseminating the boom. Teaching the Latin American boom as world literature / Ignacio M. Sanchez Prado -- Branding Latin America: an introduction to magical realism / Maria Helena Rueda -- Teaching Brazil and the boom / David William Foster -- Clarice Lispector and the Latin American bang / Cesar Braga-Pinto -- Teaching Cuba and the boom: politics, culture and literature in Casa de las Americas / Judith A. Weiss -- Names under siege: polemics in the manufacturing of the boom / Maria Eugenia Mudrovcic -- Legacies of the boom. The boom and the Americas: a story with no end / Roman De La Campa -- Macondo to Mcondo: tracing the ideal of Latin American literary community from magical realism to magical neoliberalism / Dierdra Reber -- The boom and the new historical novel: continuities and ruptures / Maria Cristina Pons -- Mediating the boom: teaching Latin American literature through film and YouTube / Alejandro Herrero-Olaizola.</subfield></datafield><datafield ind1=' ' ind2='7' tag='648'><subfield code='a'>1900 - 1999</subfield><subfield code='2'>fast</subfield></datafield><datafield ind1=' ' ind2='0' tag='650'><subfield code='a'>Latin American literature</subfield><subfield code='x'>Study and teaching (Higher)</subfield><subfield code='z'>United States.</subfield></datafield><datafield ind1=' ' ind2='0' tag='650'><subfield code='a'>Latin American literature</subfield><subfield code='y'>20th century</subfield><subfield code='x'>History and criticism.</subfield></datafield><datafield ind1=' ' ind2='7' tag='650'><subfield code='a'>Latin American literature.</subfield><subfield code='2'>fast</subfield><subfield code='0'>(OCoLC)fst00993031</subfield></datafield><datafield ind1=' ' ind2='7' tag='650'><subfield code='a'>Latin American literature</subfield><subfield code='x'>Study and teaching (Higher)</subfield><subfield code='2'>fast</subfield><subfield code='0'>(OCoLC)fst00993044</subfield></datafield><datafield ind1=' ' ind2='7' tag='651'><subfield code='a'>United States.</subfield><subfield code='2'>fast</subfield><subfield code='0'>(OCoLC)fst01204155</subfield></datafield><datafield ind1=' ' ind2='7' tag='655'><subfield code='a'>Criticism, interpretation, etc.</subfield><subfield code='2'>fast</subfield><subfield code='0'>(OCoLC)fst01411635</subfield></datafield><datafield ind1='1' ind2=' ' tag='700'><subfield code='a'>Kerr, Lucille,</subfield><subfield code='d'>1946-</subfield><subfield code='e'>editor.</subfield></datafield><datafield ind1='1' ind2=' ' tag='700'><subfield code='a'>Herrero-Olaizola, Alejandro,</subfield><subfield code='e'>editor.</subfield></datafield><datafield ind1=' ' ind2='0' tag='830'><subfield code='a'>Options for teaching ;</subfield><subfield code='v'>37.</subfield></datafield><datafield ind1=' ' ind2=' ' tag='907'><subfield code='a'>.b61619735</subfield><subfield code='b'>p    </subfield><subfield code='c'>-</subfield></datafield><datafield ind1=' ' ind2=' ' tag='945'><subfield code='l'>pstk </subfield><subfield code='g'>1</subfield></datafield><datafield ind1=' ' ind2=' ' tag='979'><subfield code='a'>ocn896840084</subfield></datafield><datafield ind1=' ' ind2=' ' tag='998'><subfield code='b'>1</subfield><subfield code='c'>160712</subfield><subfield code='d'>m</subfield><subfield code='e'>a</subfield><subfield code='f'>-</subfield><subfield code='g'>0</subfield></datafield><datafield ind1=' ' ind2=' ' tag='998'><subfield code='b'>1</subfield><subfield code='c'>160712</subfield><subfield code='d'>m</subfield><subfield code='e'>a</subfield><subfield code='f'>-</subfield><subfield code='g'>0</subfield></datafield><datafield ind1=' ' ind2=' ' tag='ADM'><subfield code='b'>2018-03-15 16:25:58</subfield><subfield code='e'>b61619735-01tuli_inst</subfield><subfield code='d'>ILS</subfield><subfield code='a'>2017-06-20 10:48:46</subfield><subfield code='c'>false</subfield></datafield><datafield ind1='0' ind2=' ' tag='HLD'><subfield code='b'>MAIN</subfield><subfield code='c'>stacks</subfield><subfield code='h'>PQ7081.43</subfield><subfield code='i'>.T43 2015</subfield><subfield code='8'>22306353880003811</subfield></datafield><datafield ind1=' ' ind2=' ' tag='ITM'><subfield code='r'>22306353880003811</subfield><subfield code='b'>1</subfield><subfield code='h'>0</subfield><subfield code='g'>stacks</subfield><subfield code='t'>BOOK</subfield><subfield code='9'>39074030128433</subfield><subfield code='e'>stacks</subfield><subfield code='8'>23306353870003811</subfield><subfield code='a'>0</subfield><subfield code='q'>2017-06-20 10:48:46</subfield><subfield code='i'>PQ7081.43 .T43 2015</subfield><subfield code='d'>MAIN</subfield><subfield code='f'>MAIN</subfield></datafield></record>