
<record xmlns='http://www.loc.gov/MARC21/slim'><leader>01343nam  2200337 i 4500</leader><controlfield tag='001'>991036862066603811</controlfield><controlfield tag='005'>20170816114342.0</controlfield><controlfield tag='006'>m     o  d |      </controlfield><controlfield tag='007'>cr -n---------</controlfield><controlfield tag='008'>140831s2013    cl      o     001 0 spa d</controlfield><datafield ind1=' ' ind2=' ' tag='020'><subfield code='a'>1-4135-2903-8</subfield></datafield><datafield ind1=' ' ind2=' ' tag='035'><subfield code='a'>(CKB)3800000000008484</subfield></datafield><datafield ind1=' ' ind2=' ' tag='035'><subfield code='a'>(EBL)3221810</subfield></datafield><datafield ind1=' ' ind2=' ' tag='035'><subfield code='a'>(OCoLC)923038091</subfield></datafield><datafield ind1=' ' ind2=' ' tag='035'><subfield code='a'>(SSID)ssj0001491226</subfield></datafield><datafield ind1=' ' ind2=' ' tag='035'><subfield code='a'>(PQKBManifestationID)11927247</subfield></datafield><datafield ind1=' ' ind2=' ' tag='035'><subfield code='a'>(PQKBTitleCode)TC0001491226</subfield></datafield><datafield ind1=' ' ind2=' ' tag='035'><subfield code='a'>(PQKBWorkID)11495375</subfield></datafield><datafield ind1=' ' ind2=' ' tag='035'><subfield code='a'>(PQKB)11238743</subfield></datafield><datafield ind1=' ' ind2=' ' tag='035'><subfield code='a'>(MiAaPQ)EBC3221810</subfield></datafield><datafield ind1=' ' ind2=' ' tag='035'><subfield code='a'>(EXLCZ)993800000000008484</subfield></datafield><datafield ind1=' ' ind2=' ' tag='040'><subfield code='a'>MiAaPQ</subfield><subfield code='b'>eng</subfield><subfield code='e'>rda</subfield><subfield code='e'>pn</subfield><subfield code='c'>MiAaPQ</subfield><subfield code='d'>MiAaPQ</subfield></datafield><datafield ind1=' ' ind2=' ' tag='041'><subfield code='a'>spa</subfield></datafield><datafield ind1=' ' ind2='4' tag='050'><subfield code='a'>PQ7081</subfield><subfield code='b'>A527 2013</subfield></datafield><datafield ind1='0' ind2='0' tag='082'><subfield code='a'>860998</subfield></datafield><datafield ind1='1' ind2=' ' tag='100'><subfield code='a'>Pizarro, Ana.</subfield></datafield><datafield ind1='0' ind2='0' tag='245'><subfield code='a'>América Latina :</subfield><subfield code='b'>palabra, literatura y cultura /</subfield><subfield code='c'>Ana Pizarro (editora).</subfield></datafield><datafield ind1=' ' ind2=' ' tag='246'><subfield code='a'>América Latina</subfield></datafield><datafield ind1=' ' ind2='1' tag='264'><subfield code='a'>Santiago de Chile :</subfield><subfield code='b'>Editorial Universidad Alberto Hurtado,</subfield><subfield code='c'>2013.</subfield></datafield><datafield ind1=' ' ind2=' ' tag='300'><subfield code='a'>1 online resource (957 p.)</subfield></datafield><datafield ind1=' ' ind2=' ' tag='336'><subfield code='a'>text</subfield><subfield code='b'>txt</subfield></datafield><datafield ind1=' ' ind2=' ' tag='337'><subfield code='a'>computer</subfield><subfield code='b'>c</subfield></datafield><datafield ind1=' ' ind2=' ' tag='338'><subfield code='a'>online resource</subfield><subfield code='b'>cr</subfield></datafield><datafield ind1='1' ind2=' ' tag='490'><subfield code='a'>Colección estudios de literatura</subfield></datafield><datafield ind1=' ' ind2=' ' tag='500'><subfield code='a'>Description based upon print version of record.</subfield></datafield><datafield ind1='0' ind2=' ' tag='505'><subfield code='a'>América Latina: palabra, literatura y cultura; Página legal; Índice; Presentación; Prólogo; I Introducción; Vanguardia y modernidad en el discurso cultural; II Vanguardias: ruptura y continuidad; Lenguajes utópicos. &quot;Nwestra ortografia bangwardista&quot;: tradición y ruptura en los proyectos lingüísticos de los años veinte; Las dos tentaciones de la vanguardia; Estrategias de la vanguardia; Los signos vanguardistas: el registro de la modernidad; A ruptura vanguardista: as grandes obras; III Los otros sistemas literarios; Literatura popular; Literaturas indígenas; Literatura popular urbana</subfield></datafield><datafield ind1='8' ind2=' ' tag='505'><subfield code='a'>IV Después de la ruptura: poesíaPoesía: nuevas direcciones (1930-1970); De las vanguardias a la antipoesía; Para una nueva lectura de Gabriela Mistral; Do palácio à pensão; A herança modernista nas mãosdo primeiro Drummond; Murilo Mendes: a poéticas de poliedro; A geração de 45&apos; e João Cabral de Melo Neto; Esteticismo e participação: as vanguardas poéticas no contexto brasileiro (1954-1969); V Después de la ruptura: narrativa; Después de la ruptura: la ficción; La &quot;nueva&quot; novela hispanoamericana: ruptura y &quot;nueva&quot; tradición; Graciliano Ramos; Clarice Lispector</subfield></datafield><datafield ind1='8' ind2=' ' tag='505'><subfield code='a'>O mundo misturado: romance e experiência em Guimarães RosaDocumentalismo y ficción: testimonio y narrativa testimonial hispanoamericana en el siglo XX; VI Literaturas del Caribe neo hispánico; O Caribe francófono; El Caribe anglófono; VII Procesos de transculturación; Asunción de la lengua; Apuntes para la historia de la literatura chicana; VIII El discurso de la mujer hoy; Criadas, malinches ¿esclavas?: algunas modalidades de escritura en la reciente narrativa mexicana; IX El teatro; Teatro latinoamericano: desde las vanguardias históricas hasta hoy; X La crítica</subfield></datafield><datafield ind1='8' ind2=' ' tag='505'><subfield code='a'>Modernización crítica en América LatinaLa crítica brasileña desde 1922; Biografías autores y autoras</subfield></datafield><datafield ind1=' ' ind2=' ' tag='546'><subfield code='a'>Spanish</subfield></datafield><datafield ind1=' ' ind2=' ' tag='588'><subfield code='a'>Description based on online resource; title from PDF title page (ebrary, viewed august 31, 2014).</subfield></datafield><datafield ind1=' ' ind2='0' tag='650'><subfield code='a'>Latin American literature</subfield><subfield code='x'>History and criticism.</subfield></datafield><datafield ind1=' ' ind2='4' tag='650'><subfield code='a'>Literatura latinoamericana</subfield><subfield code='x'>Historia y crítica.</subfield></datafield><datafield ind1=' ' ind2='4' tag='655'><subfield code='a'>Electronic books.</subfield></datafield><datafield ind1='1' ind2=' ' tag='700'><subfield code='a'>Pizarro, Ana,</subfield><subfield code='e'>editora.</subfield></datafield><datafield ind1=' ' ind2=' ' tag='776'><subfield code='z'>956-9320-17-6</subfield></datafield><datafield ind1=' ' ind2='0' tag='830'><subfield code='a'>Colección estudios de literatura.</subfield></datafield><datafield ind1=' ' ind2=' ' tag='906'><subfield code='a'>BOOK</subfield></datafield><datafield ind1=' ' ind2=' ' tag='ADM'><subfield code='b'>2018-01-21 06:34:18</subfield><subfield code='e'>(CKB)3800000000008484</subfield><subfield code='d'>EBC</subfield><subfield code='a'>2014-12-14 02:51:12</subfield><subfield code='c'>false</subfield></datafield><datafield ind1=' ' ind2=' ' tag='PRT'><subfield code='a'>53407894570003811</subfield><subfield code='b'>https://sandbox01-na.alma.exlibrisgroup.com/view/uresolver/01TULI_INST/openurl?u.ignore_date_coverage=true&amp;rft.mms_id=991036862066603811</subfield><subfield code='e'>ebrary</subfield><subfield code='9'>Available</subfield><subfield code='c'>e-libro Catedra</subfield><subfield code='h'>611000000000001752</subfield><subfield code='8'>53407894570003811</subfield></datafield></record>