
<record xmlns='http://www.loc.gov/MARC21/slim'><leader>03483cam a2200457 a 4500</leader><controlfield tag='005'>20180315125128.0</controlfield><controlfield tag='008'>120306s2012    sp a     b    000 0 spa d</controlfield><controlfield tag='001'>991032576959703811</controlfield><datafield ind1=' ' ind2=' ' tag='010'><subfield code='a'>2012417588</subfield></datafield><datafield ind1=' ' ind2=' ' tag='020'><subfield code='a'>9788484896395</subfield></datafield><datafield ind1=' ' ind2=' ' tag='020'><subfield code='a'>8484896390</subfield></datafield><datafield ind1=' ' ind2=' ' tag='035'><subfield code='a'>(PPT)b53833946-01tuli_inst</subfield></datafield><datafield ind1=' ' ind2=' ' tag='035'><subfield code='a'>(OCoLC)ocn842351117</subfield><subfield code='9'>ExL</subfield></datafield><datafield ind1=' ' ind2=' ' tag='035'><subfield code='a'>(OCoLC)777477228</subfield></datafield><datafield ind1=' ' ind2=' ' tag='035'><subfield code='a'>ocn777477228</subfield></datafield><datafield ind1=' ' ind2=' ' tag='035'><subfield code='a'>(OCLC)ocn777477228</subfield></datafield><datafield ind1=' ' ind2=' ' tag='040'><subfield code='a'>C3L</subfield><subfield code='b'>eng</subfield><subfield code='c'>C3L</subfield><subfield code='d'>DLC</subfield><subfield code='d'>EMU</subfield><subfield code='d'>OHX</subfield><subfield code='d'>PL#</subfield><subfield code='d'>I5B</subfield><subfield code='d'>UKMGB</subfield><subfield code='d'>CUY</subfield><subfield code='d'>XII</subfield></datafield><datafield ind1='0' ind2=' ' tag='041'><subfield code='a'>spa</subfield><subfield code='a'>por</subfield></datafield><datafield ind1=' ' ind2=' ' tag='042'><subfield code='a'>lccopycat</subfield></datafield><datafield ind1=' ' ind2=' ' tag='043'><subfield code='a'>nc-----</subfield><subfield code='a'>n-mx---</subfield><subfield code='a'>cl-----</subfield></datafield><datafield ind1=' ' ind2=' ' tag='079'><subfield code='a'>ocn777477228</subfield></datafield><datafield ind1=' ' ind2=' ' tag='090'><subfield code='a'>PQ7081.7.J49</subfield><subfield code='b'>M85 2012</subfield></datafield><datafield ind1='0' ind2='0' tag='245'><subfield code='a'>Múltiples identidades :</subfield><subfield code='b'>literatura judeo-latinoamericana de los siglos XX y XXI /</subfield><subfield code='c'>Verena Dolle (ed.)</subfield></datafield><datafield ind1='3' ind2='0' tag='246'><subfield code='a'>Literatura judeo-latinoamericana de los siglos XX y XXI</subfield></datafield><datafield ind1=' ' ind2=' ' tag='260'><subfield code='a'>Madrid :</subfield><subfield code='b'>Iberoamericana ;</subfield><subfield code='a'>Frankfurt am Main :</subfield><subfield code='b'>Vervuert,</subfield><subfield code='c'>2012.</subfield></datafield><datafield ind1=' ' ind2=' ' tag='300'><subfield code='a'>267 p. :</subfield><subfield code='b'>ill. ;</subfield><subfield code='c'>23 cm.</subfield></datafield><datafield ind1='1' ind2=' ' tag='490'><subfield code='a'>Bibliotheca Ibero-Americana ;</subfield><subfield code='v'>v. 147</subfield></datafield><datafield ind1=' ' ind2=' ' tag='546'><subfield code='a'>Thirteen contributions in Spanish and 2 in Portuguese.</subfield></datafield><datafield ind1=' ' ind2=' ' tag='504'><subfield code='a'>Includes bibliographical references.</subfield></datafield><datafield ind1='0' ind2='0' tag='505'><subfield code='a'>Prólogo / Barbara Göbel, Verena Dolle -- Introducción / Verena Dolle -- ecuerdos y reflexiones sobre la constitución de mi condición de escritora judia latinoamericana / Alicia Steimberg -- &quot;¿Vos, escritora judia?,&quot; dijo mi bobe / Ana Maria Shua -- Una identidad en la zona de las múltiples / Saúl Sosnowski -- Babel: ¿Heredad Judaica? ¡Davke!: Las revistas culturales judias en Argentina: la riqueza de una herencia ignorada / Liliana Ruth Feierstein -- Repensando identidades en el exilio en Sudamérica: artistas judeo-alemanes y su lucha en el campo de la cultura (1938-1953) / María Ximena Álvarez -- La emigración judia y el teatro independiente uruguayo / Christoph Müller -- El deseo de la palabra: sobre la relación entre la reflexión lingüística y la experiencia histórica en la obra de Alejandra Pizarnik / Susanne Zepp -- Identidade equivocada / &apos;mistaken identity&apos;: Clarice Lispector e a ética de alteridade / Nelson H. Vieira -- Os novos escritores brasileiros-judeus: geração dos anos 70 / Regina Igel -- Autorretratos: las relaciones entre imagen y texto en Las genealogías de Margo Glantz / Verena Dolle -- La construcción de la identidad en El nombre del padre de Isaac Goldemberg / Eduardo Hopkins Rodríguez -- Acercándose al pasado: Lenta biografía de Sergio Chejfec / Katja Carrillo Zeiter -- ¿&quot;Tiempo en disolución&quot;? Sobre fronteras identitarias y escritura judía en América Latina / Florinda F. Goldberg -- Voces judaicas en México y en Chile: nuevos acogimientos, antiguas huerfanías / Rodrigo Cánovas -- Tierras de promisión: Sión, Argentina y sus representaciones narrativas en la ficción judeoargentina / Amalia Ran -- Autoras y críticos.</subfield></datafield><datafield ind1=' ' ind2='0' tag='650'><subfield code='a'>Latin American literature</subfield><subfield code='x'>Jewish authors</subfield><subfield code='x'>History and criticism</subfield><subfield code='y'>20th century.</subfield></datafield><datafield ind1=' ' ind2='0' tag='650'><subfield code='a'>Latin American literature</subfield><subfield code='x'>Jewish authors</subfield><subfield code='x'>History and criticism</subfield><subfield code='y'>21st century.</subfield></datafield><datafield ind1=' ' ind2='0' tag='650'><subfield code='a'>Judaism and literature</subfield><subfield code='z'>Latin America.</subfield></datafield><datafield ind1='1' ind2=' ' tag='700'><subfield code='a'>Dolle, Verena.</subfield></datafield><datafield ind1=' ' ind2='0' tag='830'><subfield code='a'>Bibliotheca Ibero-Americana ;</subfield><subfield code='v'>Bd. 147.</subfield></datafield><datafield ind1='4' ind2='2' tag='856'><subfield code='3'>Publisher description</subfield><subfield code='u'>http://catdir.loc.gov/catdir/enhancements/fy1214/2012417588-d.html</subfield></datafield><datafield ind1=' ' ind2=' ' tag='907'><subfield code='a'>.b53833946</subfield><subfield code='b'>p    </subfield><subfield code='c'>-</subfield></datafield><datafield ind1=' ' ind2=' ' tag='945'><subfield code='l'>pstk </subfield><subfield code='g'>1</subfield></datafield><datafield ind1=' ' ind2=' ' tag='979'><subfield code='a'>ocn777477228</subfield></datafield><datafield ind1=' ' ind2=' ' tag='998'><subfield code='b'>0</subfield><subfield code='c'>130429</subfield><subfield code='d'>m</subfield><subfield code='e'>a</subfield><subfield code='f'>-</subfield><subfield code='g'>0</subfield></datafield><datafield ind1=' ' ind2=' ' tag='998'><subfield code='a'>04/29/13</subfield><subfield code='s'>LC</subfield><subfield code='c'>AT</subfield></datafield><datafield ind1=' ' ind2=' ' tag='ADM'><subfield code='b'>2018-03-15 16:51:28</subfield><subfield code='e'>b53833946-01tuli_inst</subfield><subfield code='d'>ILS</subfield><subfield code='a'>2017-06-20 07:17:43</subfield><subfield code='c'>false</subfield></datafield><datafield ind1='0' ind2=' ' tag='HLD'><subfield code='b'>MAIN</subfield><subfield code='c'>stacks</subfield><subfield code='h'>PQ7081.7.J49</subfield><subfield code='i'>M85 2012</subfield><subfield code='8'>22264127730003811</subfield></datafield><datafield ind1=' ' ind2=' ' tag='ITM'><subfield code='r'>22264127730003811</subfield><subfield code='b'>0</subfield><subfield code='u'>LOAN</subfield><subfield code='h'>0</subfield><subfield code='g'>stacks</subfield><subfield code='t'>BOOK</subfield><subfield code='9'>39074028264166</subfield><subfield code='e'>stacks</subfield><subfield code='8'>23264127720003811</subfield><subfield code='a'>0</subfield><subfield code='q'>2017-06-20 07:17:43</subfield><subfield code='i'>PQ7081.7.J49 M85 2012</subfield><subfield code='d'>MAIN</subfield><subfield code='f'>MAIN</subfield></datafield></record>