
<record xmlns='http://www.loc.gov/MARC21/slim'><leader>01412nam  2200373 i 4500</leader><controlfield tag='001'>991036861745703811</controlfield><controlfield tag='005'>20170821164628.0</controlfield><controlfield tag='006'>m     o  d |      </controlfield><controlfield tag='007'>cr -n---------</controlfield><controlfield tag='008'>140228s2011    sp      o     001 0 spa d</controlfield><datafield ind1=' ' ind2=' ' tag='020'><subfield code='a'>84-16-03209-2</subfield></datafield><datafield ind1=' ' ind2=' ' tag='035'><subfield code='a'>(CKB)3710000000083963</subfield></datafield><datafield ind1=' ' ind2=' ' tag='035'><subfield code='a'>(EBL)3217187</subfield></datafield><datafield ind1=' ' ind2=' ' tag='035'><subfield code='a'>(OCoLC)927532101</subfield></datafield><datafield ind1=' ' ind2=' ' tag='035'><subfield code='a'>(SSID)ssj0001158740</subfield></datafield><datafield ind1=' ' ind2=' ' tag='035'><subfield code='a'>(PQKBManifestationID)11737289</subfield></datafield><datafield ind1=' ' ind2=' ' tag='035'><subfield code='a'>(PQKBTitleCode)TC0001158740</subfield></datafield><datafield ind1=' ' ind2=' ' tag='035'><subfield code='a'>(PQKBWorkID)11106822</subfield></datafield><datafield ind1=' ' ind2=' ' tag='035'><subfield code='a'>(PQKB)11669457</subfield></datafield><datafield ind1=' ' ind2=' ' tag='035'><subfield code='a'>(MiAaPQ)EBC3217187</subfield></datafield><datafield ind1=' ' ind2=' ' tag='035'><subfield code='a'>(EXLCZ)993710000000083963</subfield></datafield><datafield ind1=' ' ind2=' ' tag='040'><subfield code='a'>MiAaPQ</subfield><subfield code='b'>eng</subfield><subfield code='e'>rda</subfield><subfield code='e'>pn</subfield><subfield code='c'>MiAaPQ</subfield><subfield code='d'>MiAaPQ</subfield></datafield><datafield ind1=' ' ind2=' ' tag='041'><subfield code='a'>spa</subfield></datafield><datafield ind1=' ' ind2='4' tag='050'><subfield code='a'>JV6201</subfield><subfield code='b'>F935 2011</subfield></datafield><datafield ind1=' ' ind2=' ' tag='080'><subfield code='a'>308-055.2-054.72(100)</subfield></datafield><datafield ind1='0' ind2='0' tag='082'><subfield code='a'>304.8</subfield></datafield><datafield ind1='1' ind2=' ' tag='100'><subfield code='a'>Chivite, María José.</subfield></datafield><datafield ind1='0' ind2='0' tag='245'><subfield code='a'>Frontera y género :</subfield><subfield code='b'>en los límites de la multidisciplinariedad /</subfield><subfield code='c'>María José Chivite, María Beatriz Hernández, María Eugenia Monzón (editoras).</subfield></datafield><datafield ind1=' ' ind2=' ' tag='246'><subfield code='a'>Frontera y género</subfield></datafield><datafield ind1=' ' ind2='1' tag='264'><subfield code='a'>Madrid :</subfield><subfield code='b'>Plaza y Valdés, S.L.,</subfield><subfield code='c'>2011.</subfield></datafield><datafield ind1=' ' ind2=' ' tag='300'><subfield code='a'>1 online resource (442 p.)</subfield></datafield><datafield ind1=' ' ind2=' ' tag='336'><subfield code='a'>text</subfield><subfield code='b'>txt</subfield></datafield><datafield ind1=' ' ind2=' ' tag='337'><subfield code='a'>computer</subfield><subfield code='b'>c</subfield></datafield><datafield ind1=' ' ind2=' ' tag='338'><subfield code='a'>online resource</subfield><subfield code='b'>cr</subfield></datafield><datafield ind1=' ' ind2=' ' tag='500'><subfield code='a'>Description based upon print version of record.</subfield></datafield><datafield ind1='0' ind2=' ' tag='505'><subfield code='a'>FRONTERA Y GÉNERO; PÁGINA LEGAL; ÍNDICE; INTRODUCCIÓN; I. MUJER COMO FRONTERA; 1.1. Discursos epistemológicos; 1. El valor de la crítica efectiva en la (...); 2. Entre el constructivismo y el materialismo (...); 3. Pensar las fronteras con Hélène Cixous (...); 1.2. Discursos culturales; 1. Clarice Lispector: «una extranjera en (...); 2. «Ni fuera de mí ni dentro sino las dos (...); 3. Matilda Betham-Edwards: una viajera (...); 4. Tópicos fronterizos en literaturas fronterizas (...); 5. La «retirada» de la frontera: feminismo (...); 6. Transgrediendo fronteras de identidad (...)</subfield></datafield><datafield ind1='8' ind2=' ' tag='505'><subfield code='a'>7. Ancianidad femenina en la Antigua Grecia (...)8. Estereotipos femeninos en la novela (...); 9. ¿Ficción teatral o realidad histórica? A (...); 10. La moda como creadora de una imagen (...); II. ENTRE LA DISCRIMINACIÓN Y LA INTEGRACIÓN; 2.1. Género y experiencias migratorias; 1. Cartas de mujeres emigrantes: nostalgias (...); 2. «Mujeres solteras&amp;#x2026; ¡No emigréis!» Visiones (...); 3. Mujeres traficadas para su explotación (...); 4. La construcción de una alteridad extrema (...); 5. Sospechas en la frontera: maternidades (...); 2.2. Fronteras de género en el ámbito laboral</subfield></datafield><datafield ind1='8' ind2=' ' tag='505'><subfield code='a'>1. Lógicas temporales y desigualdades de género (...)2. Nuevas fronteras de desigualdad (...); 3. Diferencias de género en los usos del (...); 4. Barreras de la mujer empresaria en la (...); 5. Fronteras entre los ámbitos profesional y (...); 6. Fronteras de género y profesionalidad en (...); 7. Trabajo familiar, empleo y género. Los (...); 8. La profesión académica en las universidades (...); 9. Las mujeres en los equipos de gobierno de (...); 10. Las leyes de presupuesto público como instrumento (...); 11. Fronteras fiscales: la necesidad de introducir (...)</subfield></datafield><datafield ind1='8' ind2=' ' tag='505'><subfield code='a'>2.3. Educar desde el género: avanzar en la (...)1. «Cuéntame, ¿cómo ocurrió?» Género y (...); 2. Formación ciudadana para el combate de (...); 3. Programas para la rehabilitación de (...); 4. Influencia de los padres en la elección de (...); 5. El techo de cristal: mujeres, valores y (...); 6. Género y nuevas tecnologías. Los estereotipos (...); DATOS SOBRE LAS AUTORAS Y LOS AUTORES</subfield></datafield><datafield ind1=' ' ind2=' ' tag='546'><subfield code='a'>Spanish</subfield></datafield><datafield ind1=' ' ind2=' ' tag='588'><subfield code='a'>Description based on online resource; title from PDF title page (ebrary, viewed February 28, 2014).</subfield></datafield><datafield ind1=' ' ind2='0' tag='650'><subfield code='a'>Immigrants.</subfield></datafield><datafield ind1=' ' ind2='0' tag='650'><subfield code='a'>Women employees.</subfield></datafield><datafield ind1=' ' ind2='4' tag='650'><subfield code='a'>Emigración.</subfield></datafield><datafield ind1=' ' ind2='4' tag='650'><subfield code='a'>Mujer.</subfield></datafield><datafield ind1=' ' ind2='4' tag='655'><subfield code='a'>Electronic books.</subfield></datafield><datafield ind1='1' ind2=' ' tag='700'><subfield code='a'>Chivite, María José,</subfield><subfield code='e'>editora.</subfield></datafield><datafield ind1='1' ind2=' ' tag='700'><subfield code='a'>Hernández, María Beatriz,</subfield><subfield code='e'>editora.</subfield></datafield><datafield ind1='1' ind2=' ' tag='700'><subfield code='a'>Monzón, María Eugenia,</subfield><subfield code='e'>editora.</subfield></datafield><datafield ind1=' ' ind2=' ' tag='776'><subfield code='z'>84-92751-28-2</subfield></datafield><datafield ind1=' ' ind2=' ' tag='906'><subfield code='a'>BOOK</subfield></datafield><datafield ind1=' ' ind2=' ' tag='ADM'><subfield code='b'>2018-01-21 05:42:56</subfield><subfield code='e'>(CKB)3710000000083963</subfield><subfield code='d'>EBC</subfield><subfield code='a'>2014-02-09 10:10:58</subfield><subfield code='c'>false</subfield></datafield><datafield ind1=' ' ind2=' ' tag='PRT'><subfield code='a'>53407800220003811</subfield><subfield code='b'>https://sandbox01-na.alma.exlibrisgroup.com/view/uresolver/01TULI_INST/openurl?u.ignore_date_coverage=true&amp;rft.mms_id=991036861745703811</subfield><subfield code='e'>ebrary</subfield><subfield code='9'>Available</subfield><subfield code='c'>e-libro Catedra</subfield><subfield code='h'>611000000000001752</subfield><subfield code='8'>53407800220003811</subfield></datafield></record>