
<record xmlns='http://www.loc.gov/MARC21/slim'><leader>03878ngm a2200565Ia 4500</leader><controlfield tag='005'>20120926151047.0</controlfield><controlfield tag='006'>m||||||||c||||||||</controlfield><controlfield tag='007'>vz|czazuu</controlfield><controlfield tag='007'>cr|cnannnuuuuu</controlfield><controlfield tag='008'>110206s2008||||nyu053||||||||o|||vleng|d</controlfield><controlfield tag='001'>991007673549703811</controlfield><datafield ind1='4' ind2='0' tag='028'><subfield code='a'>35412s</subfield><subfield code='b'>Films Media Group</subfield></datafield><datafield ind1='4' ind2='0' tag='028'><subfield code='a'>35424</subfield><subfield code='b'>Films Media Group</subfield></datafield><datafield ind1=' ' ind2=' ' tag='035'><subfield code='a'>(PPT)b45471137-01tuli_inst</subfield></datafield><datafield ind1=' ' ind2=' ' tag='035'><subfield code='a'>(FOD)100035424</subfield><subfield code='9'>ExL</subfield></datafield><datafield ind1=' ' ind2=' ' tag='035'><subfield code='a'>100035424</subfield></datafield><datafield ind1=' ' ind2=' ' tag='035'><subfield code='a'>(OCoLC)700409513</subfield></datafield><datafield ind1=' ' ind2=' ' tag='040'><subfield code='a'>AzPhAEM</subfield></datafield><datafield ind1='1' ind2=' ' tag='041'><subfield code='a'>eng</subfield><subfield code='j'>eng</subfield></datafield><datafield ind1='0' ind2='0' tag='245'><subfield code='a'>Brazilian literature</subfield><subfield code='h'>[electronic resource (video)] :</subfield><subfield code='b'>20th century /</subfield><subfield code='c'>Films for the Humanities &amp; Sciences (Firm)</subfield></datafield><datafield ind1='3' ind2=' ' tag='246'><subfield code='a'>20th century</subfield></datafield><datafield ind1='3' ind2=' ' tag='260'><subfield code='a'>New York, N.Y. :</subfield><subfield code='b'>Films Media Group,</subfield><subfield code='c'>[2008], c2008.</subfield></datafield><datafield ind1=' ' ind2=' ' tag='300'><subfield code='a'>1 streaming video file (53 min.) :</subfield><subfield code='b'>sd., col., digital file.</subfield></datafield><datafield ind1='1' ind2=' ' tag='490'><subfield code='a'>Fire &amp; Ink: The Legacy of Latin American Literature</subfield></datafield><datafield ind1=' ' ind2=' ' tag='500'><subfield code='a'>Encoded with permission for digital streaming by Films Media Group on May 08, 2008.</subfield></datafield><datafield ind1=' ' ind2=' ' tag='500'><subfield code='a'>Films on Demand is distributed by Films Media Group for Films for the Humanities &amp; Sciences, Cambridge Educational, Meridian Education, and Shopware.</subfield></datafield><datafield ind1='0' ind2=' ' tag='505'><subfield code='a'>Prelude: Brazilian Avant-Garde Literature (0:53) -- Modernism in Brazilian Literature: Mario de Andrade (3:01) -- Oswald de Andrade: &quot;Anthropophagy&quot; (3:16) -- Leaders of Modernism in Brazil and Portugal (2:03) -- Cultural and Political Changes in Brazil (3:00) -- Brazil&apos;s Literature of the 1930s (4:13) -- Concretism in Poetry: Poetry with Visual Characteristics (2:55) -- Brazilian Cordel Literature (1:09) -- Generations of Influential Brazilian Writers (3:35) -- Literary Innovator in Brazilian Literature (3:20) -- Brazilian Folk Novels: Jorge Amado (1:58) -- Brazilian Urban Literature (3:16) -- Psychological Approach to Literature (4:56) -- Brazilian Writer Nlida Pion (1:53) -- Brazilian Literature for Social Change (3:46) -- Novelist Rubem Fonseca (2:33) -- Innovations in Brazilian Music (2:15) -- Postlude: Unique Nature of Brazilian Literature (2:10)</subfield></datafield><datafield ind1=' ' ind2=' ' tag='506'><subfield code='a'>Access requires authentication through Films on Demand.</subfield></datafield><datafield ind1=' ' ind2=' ' tag='520'><subfield code='a'>In the first decades of the 20th century, Brazilian avant-garde literature came into its own. This program examines the awakening of Modernismo and subsequent movements in Brazilian letters, from Sao Paulo&apos;s Week of Modern Art in 1922 to the politically focused milieu of the 1970s. Outlining historical events that helped shape the country&apos;s multifaceted culture, the program explores the writings of Graciliano Ramos, Jose Lins do Rego, Augusto Meyer, Carlos Drummond de Andrade, Jorge Amado, Erico Verissimo, Clarice Lispector, and Nelida Pinon, and others. It also looks at the Brazilian literature of today as it struggles to create new styles and forms that can do justice to its turbulent history.</subfield></datafield><datafield ind1=' ' ind2=' ' tag='538'><subfield code='a'>Mode of access: Internet.</subfield></datafield><datafield ind1=' ' ind2=' ' tag='538'><subfield code='a'>System requirements: FOD playback platform.</subfield></datafield><datafield ind1=' ' ind2=' ' tag='546'><subfield code='a'>Closed-captioned.</subfield></datafield><datafield ind1=' ' ind2=' ' tag='588'><subfield code='a'>Title from distributor&apos;s description.</subfield></datafield><datafield ind1=' ' ind2=' ' tag='590'><subfield code='a'>Access is available to the Temple Community through use of a networked computer with a Temple IP address.</subfield></datafield><datafield ind1=' ' ind2='0' tag='650'><subfield code='a'>Literature.</subfield></datafield><datafield ind1=' ' ind2='0' tag='650'><subfield code='a'>Spanish drama.</subfield></datafield><datafield ind1=' ' ind2='0' tag='650'><subfield code='a'>Spanish literature.</subfield></datafield><datafield ind1=' ' ind2='7' tag='655'><subfield code='a'>Educational films.</subfield><subfield code='2'>lcgft</subfield></datafield><datafield ind1=' ' ind2='0' tag='655'><subfield code='a'>Internet videos.</subfield></datafield><datafield ind1=' ' ind2='7' tag='655'><subfield code='a'>Videorecording.</subfield><subfield code='2'>local</subfield></datafield><datafield ind1=' ' ind2='0' tag='655'><subfield code='a'>Streaming video.</subfield></datafield><datafield ind1='2' ind2=' ' tag='710'><subfield code='a'>Films for the Humanities &amp; Sciences (Firm)</subfield></datafield><datafield ind1='2' ind2=' ' tag='710'><subfield code='a'>Films Media Group.</subfield></datafield><datafield ind1='0' ind2='8' tag='776'><subfield code='i'>Originally produced: </subfield><subfield code='d'>Films for the Humanities &amp; Sciences (Firm), 2008</subfield><subfield code='z'>9781421377865</subfield></datafield><datafield ind1=' ' ind2='0' tag='830'><subfield code='a'>Fire and ink, the legacy of Latin American literature.</subfield></datafield><datafield ind1='4' ind2=' ' tag='856'><subfield code='z'>Access Films on Demand streaming video.</subfield><subfield code='u'>http://libproxy.temple.edu/login?url=http://digital.films.com/PortalPlaylists.aspx?aid=1627&amp;xtid=35424</subfield></datafield><datafield ind1=' ' ind2=' ' tag='907'><subfield code='a'>.b45471137</subfield><subfield code='b'>w    </subfield><subfield code='c'>-</subfield></datafield><datafield ind1=' ' ind2=' ' tag='902'><subfield code='a'>130930</subfield></datafield><datafield ind1=' ' ind2=' ' tag='998'><subfield code='b'>0</subfield><subfield code='c'>120128</subfield><subfield code='d'>m</subfield><subfield code='e'>2</subfield><subfield code='f'>-</subfield><subfield code='g'>0</subfield></datafield><datafield ind1=' ' ind2=' ' tag='902'><subfield code='a'>Films on Demand 2013-02-01</subfield></datafield><datafield ind1=' ' ind2=' ' tag='945'><subfield code='l'>w    </subfield><subfield code='g'>1</subfield></datafield><datafield ind1=' ' ind2=' ' tag='PRT'><subfield code='a'>53375306240003811</subfield><subfield code='b'>https://sandbox01-na.alma.exlibrisgroup.com/view/uresolver/01TULI_INST/openurl?u.ignore_date_coverage=true&amp;rft.mms_id=991007673549703811</subfield><subfield code='f'>Access Films on Demand streaming video.</subfield><subfield code='d'>MAIN</subfield><subfield code='c'>Films on Demand Streaming Video</subfield><subfield code='8'>53375306240003811</subfield></datafield></record>