
<record xmlns='http://www.loc.gov/MARC21/slim'><leader>04107cam a22005294a 4500</leader><controlfield tag='005'>20180315193514.0</controlfield><controlfield tag='008'>051003s2006    enk      b    000 1 eng  </controlfield><controlfield tag='001'>991024448959703811</controlfield><datafield ind1=' ' ind2=' ' tag='010'><subfield code='a'>2005028860</subfield></datafield><datafield ind1=' ' ind2=' ' tag='020'><subfield code='a'>0195167597 (cloth : alk. paper)</subfield></datafield><datafield ind1=' ' ind2=' ' tag='020'><subfield code='a'>0195309642 (pbk. : alk. paper)</subfield></datafield><datafield ind1=' ' ind2=' ' tag='020'><subfield code='a'>9780195167597</subfield></datafield><datafield ind1=' ' ind2=' ' tag='020'><subfield code='a'>9780195309645</subfield></datafield><datafield ind1=' ' ind2=' ' tag='035'><subfield code='a'>(PPT)b32766567-01tuli_inst</subfield></datafield><datafield ind1=' ' ind2=' ' tag='035'><subfield code='a'>(OCoLC)ocn491973280</subfield><subfield code='9'>ExL</subfield></datafield><datafield ind1=' ' ind2=' ' tag='035'><subfield code='a'>(OCoLC)61879665</subfield></datafield><datafield ind1=' ' ind2=' ' tag='035'><subfield code='a'>61879665</subfield></datafield><datafield ind1=' ' ind2=' ' tag='035'><subfield code='a'>ocm61879665</subfield></datafield><datafield ind1=' ' ind2=' ' tag='035'><subfield code='a'>(OCLC)ocm61879665</subfield></datafield><datafield ind1=' ' ind2=' ' tag='040'><subfield code='a'>DLC</subfield><subfield code='c'>DLC</subfield><subfield code='d'>BAKER</subfield><subfield code='d'>UKM</subfield><subfield code='d'>C#P</subfield><subfield code='d'>YDXCP</subfield><subfield code='d'>COO</subfield><subfield code='d'>PUL</subfield><subfield code='d'>BTCTA</subfield><subfield code='d'>IG#</subfield><subfield code='d'>UBY</subfield><subfield code='d'>VP@</subfield><subfield code='d'>IAK</subfield><subfield code='d'>NLGGC</subfield></datafield><datafield ind1='1' ind2=' ' tag='041'><subfield code='a'>eng</subfield><subfield code='h'>por</subfield></datafield><datafield ind1=' ' ind2=' ' tag='042'><subfield code='a'>pcc</subfield></datafield><datafield ind1=' ' ind2=' ' tag='043'><subfield code='a'>s-bl---</subfield></datafield><datafield ind1=' ' ind2=' ' tag='079'><subfield code='a'>ocm61879665</subfield></datafield><datafield ind1=' ' ind2=' ' tag='090'><subfield code='a'>PQ9676</subfield><subfield code='b'>.O94 2006</subfield></datafield><datafield ind1='0' ind2='0' tag='245'><subfield code='a'>Oxford anthology of the Brazilian short story /</subfield><subfield code='c'>edited by K. David Jackson.</subfield></datafield><datafield ind1=' ' ind2=' ' tag='260'><subfield code='a'>Oxford ;</subfield><subfield code='a'>New York :</subfield><subfield code='b'>Oxford University Press,</subfield><subfield code='c'>2006.</subfield></datafield><datafield ind1=' ' ind2=' ' tag='300'><subfield code='a'>xv, 523 p. ;</subfield><subfield code='c'>25 cm.</subfield></datafield><datafield ind1=' ' ind2=' ' tag='504'><subfield code='a'>Includes bibliographical references (p. 515-518).</subfield></datafield><datafield ind1=' ' ind2=' ' tag='546'><subfield code='a'>Translated from the Portuguese.</subfield></datafield><datafield ind1='0' ind2='0' tag='505'><subfield code='g'>Introduction:</subfield><subfield code='t'>World world vast world of the Brazilian short story --</subfield><subfield code='g'>Pt. I. Tropical belle époque (1880s-1921)</subfield><subfield code='r'>Machado de Assis</subfield><subfield code='g'>(1839-1908)</subfield><subfield code='t'>Wedding song,</subfield><subfield code='t'>The Siamese academies,</subfield><subfield code='t'>The fortune-teller,</subfield><subfield code='t'>Life,</subfield><subfield code='t'>The nurse,</subfield><subfield code='t'>The secret heart,</subfield><subfield code='t'>A woman&apos;s arms,</subfield><subfield code='t'>Dona Paula,</subfield><subfield code='t'>Father versus mother,</subfield><subfield code='t'>Wallow, swine! ;</subfield><subfield code='r'>José Veríssimo</subfield><subfield code='g'>(1857-1916)</subfield><subfield code='t'>Going after rubber,</subfield><subfield code='t'>Returning from rubber gathering ;</subfield><subfield code='r'>Emília Moncorva Bandeira de Mello, (</subfield><subfield code='g'>pseud.</subfield><subfield code='r'>Carmen Dolores)</subfield><subfield code='g'>(1852-1910)</subfield><subfield code='t'>Aunt Zézé&apos;s tears ;</subfield><subfield code='r'>Paulo Barreto (</subfield><subfield code='r'>João Paulo Emílio Cristóvão dos Santos Coelho Barreto,</subfield><subfield code='g'>pseud.</subfield><subfield code='r'>João Do Rio)</subfield><subfield code='g'>(1881-1921)</subfield><subfield code='t'>The baby in rose tarlatan,</subfield><subfield code='t'>An episode in a hotel ;</subfield><subfield code='r'>Lima Barreto</subfield><subfield code='g'>(1881-1922)</subfield><subfield code='t'>The man who knew Javanese ;</subfield><subfield code='r'>Monteiro Lobato</subfield><subfield code='g'>(1882-1948)</subfield><subfield code='t'>The funnyman who repented. --</subfield></datafield><datafield ind1='8' ind2='0' tag='505'><subfield code='g'>Pt. II. Modernism (1922-1945)</subfield><subfield code='r'>Mário de Andrade</subfield><subfield code='g'>(1893-1945)</subfield><subfield code='t'>It can hurt plenty,</subfield><subfield code='t'>The Christmas turkey ;</subfield><subfield code='r'>Aníbal Machado</subfield><subfield code='g'>(1895-1964)</subfield><subfield code='t'>The death of the standard-bearer,</subfield><subfield code='t'>The first corpse ;</subfield><subfield code='r'>Alcântara Machado</subfield><subfield code='g'>(1901-1935)</subfield><subfield code='t'>The beauty contest,</subfield><subfield code='t'>Gaetaninho ;</subfield><subfield code='r'>João Alphonsus</subfield><subfield code='g'>(1901-1944)</subfield><subfield code='t'>Sardanapalo ;</subfield><subfield code='r'>Breno Accioly</subfield><subfield code='g'>(1922-1966)</subfield><subfield code='t'>João Urso ;</subfield><subfield code='r'>Graciliano Ramos</subfield><subfield code='g'>(1892-1953)</subfield><subfield code='t'>The thief,</subfield><subfield code='t'>Whale ;</subfield><subfield code='r'>Jorge Amado</subfield><subfield code='g'>(1912-2001)</subfield><subfield code='t'>How Porciúncula the Mulatto got the corpse off his back ;</subfield><subfield code='r'>Rachel de Queiroz</subfield><subfield code='g'>(1910-2003)</subfield><subfield code='t'>Metonymy, or The husband&apos;s revenge (drama in three scenes) ;</subfield><subfield code='r'>Marquês Rebelo</subfield><subfield code='g'>(1907-1973)</subfield><subfield code='t'>Down our street ;</subfield><subfield code='r'>Érico Veríssimo</subfield><subfield code='g'>(1905-1975)</subfield><subfield code='t'>Fandango: the life and death of a gaúcho,</subfield><subfield code='t'>The guerrilla,</subfield><subfield code='t'>The house of the melancholy angel. --</subfield></datafield><datafield ind1='8' ind2='0' tag='505'><subfield code='g'>Pt. III.  Modernism at mid-century (1945-1980)</subfield><subfield code='r'>Clarice Lispector</subfield><subfield code='g'>(1920-1977)</subfield><subfield code='t'>The buffalo,</subfield><subfield code='t'>The chicken,</subfield><subfield code='t'>The smallest woman in the world,</subfield><subfield code='t'>The breaking of the bread,</subfield><subfield code='t'>The fifth story,</subfield><subfield code='t'>Miss Algrave,</subfield><subfield code='t'>The body,</subfield><subfield code='t'>Plaza Mauá,</subfield><subfield code='t'>Beauty and the beast, or, The wound too great ;</subfield><subfield code='r'>João Guimarães Rosa</subfield><subfield code='g'>(1908-1967)</subfield><subfield code='t'>The girl from beyond,</subfield><subfield code='t'>Much ado,</subfield><subfield code='t'>Sorôco, his mother, his daughter,</subfield><subfield code='t'>The third bank of the river,</subfield><subfield code='t'>Treetops,</subfield><subfield code='t'>Those Lopes,</subfield><subfield code='t'>The jaguar ;</subfield><subfield code='r'>Osman Lins</subfield><subfield code='g'>(1924-1978)</subfield><subfield code='t'>Baroque tale or tripartite unity,</subfield><subfield code='t'>Easter Sunday ;</subfield><subfield code='r'>Dalton Trevisan</subfield><subfield code='g'>(b. 1925)</subfield><subfield code='t'>The corpse in the parlor,</subfield><subfield code='t'>The vampire of Curitiba ;</subfield><subfield code='r'>Paulo Emílio Salles Gomes</subfield><subfield code='g'>(1916-1977)</subfield><subfield code='t'>Her times two ;</subfield><subfield code='r'>Carlos Drummond de Andrade</subfield><subfield code='g'>(1902-1987)</subfield><subfield code='t'>Miguel&apos;s theft.</subfield></datafield><datafield ind1=' ' ind2='0' tag='650'><subfield code='a'>Short stories, Brazilian.</subfield></datafield><datafield ind1=' ' ind2='0' tag='655'><subfield code='a'>Short stories, Brazilian.</subfield></datafield><datafield ind1=' ' ind2='7' tag='655'><subfield code='a'>Short stories.</subfield><subfield code='2'>lcgft</subfield></datafield><datafield ind1='1' ind2=' ' tag='700'><subfield code='a'>Jackson, K. David</subfield><subfield code='q'>(Kenneth David)</subfield></datafield><datafield ind1='4' ind2='1' tag='856'><subfield code='z'>Access table of contents</subfield><subfield code='u'>http://www.loc.gov/catdir/toc/ecip061/2005028860.html</subfield></datafield><datafield ind1='4' ind2='2' tag='856'><subfield code='z'>Access description provided by publisher</subfield><subfield code='u'>http://www.loc.gov/catdir/enhancements/fy0636/2005028860-d.html</subfield></datafield><datafield ind1='4' ind2='2' tag='856'><subfield code='z'>Access contributor biographical information</subfield><subfield code='u'>http://www.loc.gov/catdir/enhancements/fy0723/2005028860-b.html</subfield></datafield><datafield ind1=' ' ind2=' ' tag='907'><subfield code='a'>.b32766567</subfield><subfield code='b'>multi</subfield><subfield code='c'>-</subfield></datafield><datafield ind1=' ' ind2=' ' tag='915'><subfield code='a'>58023</subfield></datafield><datafield ind1=' ' ind2=' ' tag='945'><subfield code='l'>jtcas</subfield><subfield code='g'>1</subfield></datafield><datafield ind1=' ' ind2=' ' tag='945'><subfield code='l'>pstk </subfield><subfield code='g'>1</subfield></datafield><datafield ind1=' ' ind2=' ' tag='979'><subfield code='a'>ocm61879665</subfield></datafield><datafield ind1=' ' ind2=' ' tag='998'><subfield code='b'>3</subfield><subfield code='c'>071205</subfield><subfield code='d'>m</subfield><subfield code='e'>a</subfield><subfield code='f'>-</subfield><subfield code='g'>0</subfield></datafield><datafield ind1=' ' ind2=' ' tag='998'><subfield code='a'>12/05/07</subfield><subfield code='s'>LC</subfield><subfield code='c'>DG </subfield></datafield><datafield ind1=' ' ind2=' ' tag='ADM'><subfield code='b'>2018-03-15 23:35:14</subfield><subfield code='e'>b32766567-01tuli_inst</subfield><subfield code='d'>ILS</subfield><subfield code='a'>2017-06-20 12:29:51</subfield><subfield code='c'>false</subfield></datafield><datafield ind1='0' ind2=' ' tag='HLD'><subfield code='b'>MAIN</subfield><subfield code='c'>stacks</subfield><subfield code='h'>PQ9676</subfield><subfield code='i'>.O94 2006</subfield><subfield code='8'>22318579780003811</subfield></datafield><datafield ind1='0' ind2=' ' tag='HLD'><subfield code='b'>JAPAN</subfield><subfield code='c'>stacks</subfield><subfield code='h'>PQ9676</subfield><subfield code='i'>.O94 2006</subfield><subfield code='8'>22318579800003811</subfield></datafield><datafield ind1=' ' ind2=' ' tag='ITM'><subfield code='r'>22318579780003811</subfield><subfield code='b'>1</subfield><subfield code='h'>0</subfield><subfield code='g'>stacks</subfield><subfield code='t'>BOOK</subfield><subfield code='9'>39074023563513</subfield><subfield code='e'>stacks</subfield><subfield code='8'>23318579770003811</subfield><subfield code='a'>0</subfield><subfield code='q'>2017-06-20 12:29:51</subfield><subfield code='i'>PQ9676 .O94 2006</subfield><subfield code='d'>MAIN</subfield><subfield code='f'>MAIN</subfield></datafield><datafield ind1=' ' ind2=' ' tag='ITM'><subfield code='r'>22318579800003811</subfield><subfield code='b'>1</subfield><subfield code='h'>0</subfield><subfield code='g'>stacks</subfield><subfield code='t'>BOOK</subfield><subfield code='9'>31982060230424</subfield><subfield code='e'>stacks</subfield><subfield code='8'>23318579790003811</subfield><subfield code='a'>0</subfield><subfield code='q'>2017-06-20 12:29:51</subfield><subfield code='i'>PQ9676 .O94 2006</subfield><subfield code='d'>JAPAN</subfield><subfield code='f'>JAPAN</subfield></datafield></record>