
<record xmlns='http://www.loc.gov/MARC21/slim'><leader>01200nam  22003374a 4500</leader><controlfield tag='001'>991036733608603811</controlfield><controlfield tag='005'>20170815111557.0</controlfield><controlfield tag='006'>m     o  d |      </controlfield><controlfield tag='007'>cr -n---------</controlfield><controlfield tag='008'>051003s2006    enk     ob    000 1 eng  </controlfield><datafield ind1=' ' ind2=' ' tag='010'><subfield code='z'>  2005028860</subfield></datafield><datafield ind1=' ' ind2=' ' tag='015'><subfield code='a'>GBA650634</subfield><subfield code='2'>bnb</subfield></datafield><datafield ind1='7' ind2=' ' tag='016'><subfield code='z'>013479934</subfield><subfield code='2'>Uk</subfield></datafield><datafield ind1=' ' ind2=' ' tag='020'><subfield code='a'>0-19-804228-0</subfield></datafield><datafield ind1=' ' ind2=' ' tag='020'><subfield code='a'>1-280-84082-X</subfield></datafield><datafield ind1=' ' ind2=' ' tag='020'><subfield code='a'>9786610840823</subfield></datafield><datafield ind1=' ' ind2=' ' tag='020'><subfield code='a'>0-19-972434-2</subfield></datafield><datafield ind1=' ' ind2=' ' tag='020'><subfield code='a'>1-4294-6881-5</subfield></datafield><datafield ind1=' ' ind2=' ' tag='035'><subfield code='a'>(CKB)1000000000465422</subfield></datafield><datafield ind1=' ' ind2=' ' tag='035'><subfield code='a'>(EBL)281453</subfield></datafield><datafield ind1=' ' ind2=' ' tag='035'><subfield code='a'>(OCoLC)476026636</subfield></datafield><datafield ind1=' ' ind2=' ' tag='035'><subfield code='a'>(SSID)ssj0000217235</subfield></datafield><datafield ind1=' ' ind2=' ' tag='035'><subfield code='a'>(PQKBManifestationID)11198592</subfield></datafield><datafield ind1=' ' ind2=' ' tag='035'><subfield code='a'>(PQKBTitleCode)TC0000217235</subfield></datafield><datafield ind1=' ' ind2=' ' tag='035'><subfield code='a'>(PQKBWorkID)10203601</subfield></datafield><datafield ind1=' ' ind2=' ' tag='035'><subfield code='a'>(PQKB)11450831</subfield></datafield><datafield ind1=' ' ind2=' ' tag='035'><subfield code='a'>(MiAaPQ)EBC281453</subfield></datafield><datafield ind1=' ' ind2=' ' tag='035'><subfield code='a'>(EXLCZ)991000000000465422</subfield></datafield><datafield ind1=' ' ind2=' ' tag='040'><subfield code='a'>MiAaPQ</subfield><subfield code='c'>MiAaPQ</subfield><subfield code='d'>MiAaPQ</subfield></datafield><datafield ind1=' ' ind2=' ' tag='041'><subfield code='a'>eng</subfield></datafield><datafield ind1=' ' ind2='4' tag='050'><subfield code='a'>PQ9676</subfield><subfield code='b'>.O94 2006</subfield></datafield><datafield ind1='0' ind2='0' tag='082'><subfield code='a'>869.30108981</subfield></datafield><datafield ind1='1' ind2=' ' tag='100'><subfield code='a'>Jackson, K.David.</subfield></datafield><datafield ind1='0' ind2='0' tag='245'><subfield code='a'>Oxford anthology of the Brazilian short story</subfield><subfield code='h'>[electronic resource] /</subfield><subfield code='c'>edited by K. David Jackson.</subfield></datafield><datafield ind1=' ' ind2=' ' tag='260'><subfield code='a'>Oxford ;</subfield><subfield code='a'>New York :</subfield><subfield code='b'>Oxford University Press,</subfield><subfield code='c'>2006.</subfield></datafield><datafield ind1=' ' ind2=' ' tag='300'><subfield code='a'>1 online resource (540 p.)</subfield></datafield><datafield ind1=' ' ind2=' ' tag='336'><subfield code='a'>text</subfield><subfield code='b'>txt</subfield></datafield><datafield ind1=' ' ind2=' ' tag='337'><subfield code='a'>computer</subfield><subfield code='b'>c</subfield></datafield><datafield ind1=' ' ind2=' ' tag='338'><subfield code='a'>online resource</subfield><subfield code='b'>cr</subfield></datafield><datafield ind1=' ' ind2=' ' tag='500'><subfield code='a'>Description based upon print version of record.</subfield></datafield><datafield ind1='0' ind2=' ' tag='505'><subfield code='a'>CONTENTS; INTRODUCTION: World World Vast World of the Brazilian Short Story; PART I: Tropical Belle Époque (1880s-1921); MACHADO DE ASSIS (1839-1908); JOSÉ VERÍSSIMO (1857-1916); EMÍLIA MONCORVA BANDEIRA DE MELLO (PSEUD. CARMEN DOLORES) (1852-1910); PAULO BARRETO (JOÃO PAULO EMÍLIO CRISTÓVÃO DOS SANTOS COELHO BARRETO;  PSEUD. JOÃO DO RIO) (1881-1921); LIMA BARRETO (1881-1922); MONTEIRO LOBATO (1882-1948); PART II: Modernism (1922-1945); MÁRIO DE ANDRADE (1893-1945); ANÍBAL MACHADO (1895-1964); ALCÂNTARA MACHADO (1901-1935); JOÃO ALPHONSUS (1901-1944); BRENO ACCIOLY (1922-1966)</subfield></datafield><datafield ind1='8' ind2=' ' tag='505'><subfield code='a'>GRACILLIANO RAMOS (1892-1953)JORGE AMADO (1912-2001); RACHEL DE QUEIROZ (1910-2003); MARQUÊS REBELO (1907-1973); ÉRICO VERÍSSIMO (1905-1975); PART III: Modernism at Mid-Century (1945-1980); CLARICE LISPECTOR (1920-1977); JOÃO GUIMARÃES ROSA (1908-1967); OSMAN LINS (1924-1978); DALTON TREVISAN (B. 1925); PAULO EMÍLIO SALLES GOMES (1916-1977); CARLOS DRUMMOND DE ANDRADE (1902-1987); PART IV: Contemporary Visions (after 1980); NÉLIDA PIÑÓN (B. 1936); LYGIA FAGUNDES TELLES (B. 1923); MURILO RUBIÃO (1916-1981); J.J. VEIGA (1915-1999); MOACYR SCLIAR (B. 1937); AUTRAN DOURADO (B. 1926)</subfield></datafield><datafield ind1='8' ind2=' ' tag='505'><subfield code='a'>ORÍGENES LESSA (1903-1986)RUBEM FONSECA (B. 1925); CARLOS HEITOR CONY (B. 1926); SAMUEL RAWET (1929-1984); HILDA HILST (1930-2004); VICTOR GIUDICE (1934-1997); EDLA VAN STEEN (B. 1936); CAIO FERNANDO ABREU (1948-1996); MILTON HATOUM (B. 1952); SELECTED BIBLIOGRAPHY; ACKNOWLEDGMENTS</subfield></datafield><datafield ind1=' ' ind2=' ' tag='520'><subfield code='a'>Contains a selection of short stories by the best-known authors in Brazilian literature, from the late nineteenth century. This anthology concludes with a haunting story, set in the opera theater in Manaus by one of Brazil&apos;s most successful writers, Milton Hatoum.</subfield></datafield><datafield ind1=' ' ind2=' ' tag='546'><subfield code='a'>English</subfield></datafield><datafield ind1=' ' ind2=' ' tag='504'><subfield code='a'>Includes bibliographical references (p. 515-518).</subfield></datafield><datafield ind1=' ' ind2='0' tag='650'><subfield code='a'>Short stories, Brazilian.</subfield></datafield><datafield ind1=' ' ind2='4' tag='655'><subfield code='a'>Electronic books.</subfield></datafield><datafield ind1=' ' ind2=' ' tag='776'><subfield code='z'>0-19-530964-2</subfield></datafield><datafield ind1=' ' ind2=' ' tag='776'><subfield code='z'>0-19-516759-7</subfield></datafield><datafield ind1='1' ind2=' ' tag='700'><subfield code='a'>Jackson, K. David</subfield><subfield code='q'>(Kenneth David)</subfield></datafield><datafield ind1=' ' ind2=' ' tag='906'><subfield code='a'>BOOK</subfield></datafield><datafield ind1=' ' ind2=' ' tag='PRT'><subfield code='a'>53392348060003811</subfield><subfield code='b'>https://sandbox01-na.alma.exlibrisgroup.com/view/uresolver/01TULI_INST/openurl?u.ignore_date_coverage=true&amp;rft.mms_id=991036733608603811</subfield><subfield code='e'>EBSCOhost</subfield><subfield code='c'>EBSCOhost Academic eBook Collection (North America)</subfield><subfield code='h'>613640000000000029</subfield><subfield code='8'>53392348060003811</subfield></datafield><datafield ind1=' ' ind2=' ' tag='PRT'><subfield code='a'>53404709780003811</subfield><subfield code='b'>https://sandbox01-na.alma.exlibrisgroup.com/view/uresolver/01TULI_INST/openurl?u.ignore_date_coverage=true&amp;rft.mms_id=991036733608603811</subfield><subfield code='e'>EBSCOhost</subfield><subfield code='c'>eBook Public Library Collection - North America</subfield><subfield code='h'>613790000000001577</subfield><subfield code='8'>53404709780003811</subfield></datafield><datafield ind1=' ' ind2=' ' tag='PRT'><subfield code='a'>53423936480003811</subfield><subfield code='b'>https://sandbox01-na.alma.exlibrisgroup.com/view/uresolver/01TULI_INST/openurl?u.ignore_date_coverage=true&amp;rft.mms_id=991036733608603811</subfield><subfield code='e'>Ebook Central</subfield><subfield code='c'>Ebook Central College Complete</subfield><subfield code='h'>614330000000000032</subfield><subfield code='8'>53423936480003811</subfield></datafield><datafield ind1=' ' ind2=' ' tag='PRT'><subfield code='a'>53420465630003811</subfield><subfield code='b'>https://sandbox01-na.alma.exlibrisgroup.com/view/uresolver/01TULI_INST/openurl?u.ignore_date_coverage=true&amp;rft.mms_id=991036733608603811</subfield><subfield code='e'>Ebook Central</subfield><subfield code='c'>Ebook Central Academic Complete</subfield><subfield code='h'>614200000000000002</subfield><subfield code='8'>53420465630003811</subfield></datafield></record>