
<record xmlns='http://www.loc.gov/MARC21/slim'><leader>03703camZa2200517zZZ4500</leader><controlfield tag='001'>991036753215703811</controlfield><controlfield tag='005'>20170925015401.0</controlfield><controlfield tag='006'>m|||||o||d||||||||</controlfield><controlfield tag='007'>cr||||||||||||</controlfield><controlfield tag='008'>160829s2005    xx      o           eng d</controlfield><datafield ind1=' ' ind2=' ' tag='020'><subfield code='a'>0-511-99971-2</subfield></datafield><datafield ind1=' ' ind2=' ' tag='035'><subfield code='a'>(CKB)1000000000820236</subfield></datafield><datafield ind1=' ' ind2=' ' tag='035'><subfield code='a'>(SSID)ssj0000371827</subfield></datafield><datafield ind1=' ' ind2=' ' tag='035'><subfield code='a'>(PQKBManifestationID)11241311</subfield></datafield><datafield ind1=' ' ind2=' ' tag='035'><subfield code='a'>(PQKBTitleCode)TC0000371827</subfield></datafield><datafield ind1=' ' ind2=' ' tag='035'><subfield code='a'>(PQKBWorkID)10412575</subfield></datafield><datafield ind1=' ' ind2=' ' tag='035'><subfield code='a'>(PQKB)10965024</subfield></datafield><datafield ind1=' ' ind2=' ' tag='035'><subfield code='a'>(UkCbUP)CR9780511999710</subfield></datafield><datafield ind1=' ' ind2=' ' tag='035'><subfield code='a'>(EXLCZ)991000000000820236</subfield></datafield><datafield ind1=' ' ind2=' ' tag='040'><subfield code='a'>PQKB</subfield></datafield><datafield ind1=' ' ind2=' ' tag='041'><subfield code='a'>eng</subfield></datafield><datafield ind1=' ' ind2=' ' tag='043'><subfield code='a'>cl-----</subfield></datafield><datafield ind1=' ' ind2='0' tag='050'><subfield code='a'>PQ7081.L37 2005</subfield></datafield><datafield ind1=' ' ind2=' ' tag='082'><subfield code='a'>863.009/98</subfield></datafield><datafield ind1=' ' ind2=' ' tag='210'><subfield code='a'>CAMBRIDGE COMPANION TO THE LATIN AMERICAN NOVEL</subfield></datafield><datafield ind1='0' ind2='4' tag='245'><subfield code='a'>The Cambridge companion to the Latin American novel</subfield></datafield><datafield ind1=' ' ind2='1' tag='264'><subfield code='a'>Cambridge :</subfield><subfield code='b'>Cambridge University Press,</subfield><subfield code='c'>2005.</subfield></datafield><datafield ind1=' ' ind2=' ' tag='300'><subfield code='a'>1 online resource (xviii, 336 pages) :</subfield><subfield code='b'>digital, PDF file(s).</subfield></datafield><datafield ind1=' ' ind2=' ' tag='336'><subfield code='a'>text</subfield><subfield code='b'>txt</subfield></datafield><datafield ind1=' ' ind2=' ' tag='337'><subfield code='a'>computer</subfield><subfield code='b'>c</subfield></datafield><datafield ind1=' ' ind2=' ' tag='338'><subfield code='a'>online resource</subfield><subfield code='b'>cr</subfield></datafield><datafield ind1='0' ind2=' ' tag='490'><subfield code='a'>Cambridge companions to literature The Cambridge companion to the Latin American novel </subfield></datafield><datafield ind1=' ' ind2=' ' tag='500'><subfield code='a'>Bibliographic Level Mode of Issuance: Monograph</subfield></datafield><datafield ind1=' ' ind2=' ' tag='546'><subfield code='a'>English</subfield></datafield><datafield ind1='0' ind2='0' tag='505'><subfield code='t'>The nineteenth-century Latin American novel /</subfield><subfield code='r'>Naomi Lindstrom --</subfield><subfield code='t'>The regional novel and beyond /</subfield><subfield code='r'>Brian Gollnick --</subfield><subfield code='t'>The boom of the Latin American novel /</subfield><subfield code='r'>John King --</subfield><subfield code='t'>The post-boom novel /</subfield><subfield code='r'>Philip Swanson --</subfield><subfield code='t'>The Brazilian novel /</subfield><subfield code='r'>Piers Armstrong --</subfield><subfield code='t'>The Caribbean novel /</subfield><subfield code='r'>William Luis --</subfield><subfield code='t'>The Andean novel /</subfield><subfield code='r'>Ismael Márquez --</subfield><subfield code='t'>The Central American novel /</subfield><subfield code='r'>Roy C. Boland Osegueda --</subfield><subfield code='t'>Gender studies /</subfield><subfield code='r'>Catherine Davies --</subfield><subfield code='t'>The lesbian and gay novel in Latin America /</subfield><subfield code='r'>Daniel Balderston and José Maristany --</subfield><subfield code='t'>Dom Casmurro by Machado de Assis /</subfield><subfield code='r'>Marta Peixoto --</subfield><subfield code='t'>Pedro Páramo by Juan Rulfo /</subfield><subfield code='r'>Jason Wilson --</subfield><subfield code='t'>The passion according to G.H. by Clarice Lispector /</subfield><subfield code='r'>Claire Williams --</subfield><subfield code='t'>One hundred years of solitude by Gabriel García Márquez /</subfield><subfield code='r'>Steven Boldy --</subfield><subfield code='t'>The house of the spirits by Isabel Allende /</subfield><subfield code='r'>Stephen Hart --</subfield><subfield code='t'>The war of the end of the world by Mario Vargas Llosa /</subfield><subfield code='r'>Michelle Clayton --</subfield><subfield code='t'>The Latin American novel in English translation /</subfield><subfield code='r'>Suzanne Jill Levine.</subfield></datafield><datafield ind1=' ' ind2=' ' tag='520'><subfield code='a'>The diverse countries of Latin America have produced a lively and ever evolving tradition of novels, many of which are read in translation all over the world. This Companion offers a broad overview of the novel&apos;s history and analyses in depth several representative works by, for example, Gabriel García Márquez, Machado de Assis, Isabel Allende and Mario Vargas Llosa. The essays collected here offer several entryways into the understanding and appreciation of the Latin American novel in Spanish-speaking America and Brazil. The volume conveys a real sense of the heterogeneity of Latin American literature, highlighting regions whose cultural and geopolitical particularities are often overlooked. Indispensable to students of Latin American or Hispanic studies and those interested in comparative literature and the development of the novel as genre, the Companion features a comprehensive bibliography and chronology and concludes with an essay about the success of Latin American novels in translation.</subfield></datafield><datafield ind1=' ' ind2='0' tag='650'><subfield code='a'>Spanish American fiction</subfield><subfield code='x'>History and criticism</subfield></datafield><datafield ind1=' ' ind2='7' tag='650'><subfield code='a'>Romance Literatures</subfield><subfield code='2'>HILCC</subfield></datafield><datafield ind1=' ' ind2='7' tag='650'><subfield code='a'>Spanish Literature</subfield><subfield code='2'>HILCC</subfield></datafield><datafield ind1=' ' ind2='7' tag='650'><subfield code='a'>Languages &amp; Literatures</subfield><subfield code='2'>HILCC</subfield></datafield><datafield ind1=' ' ind2=' ' tag='700'><subfield code='a'>Kristal, Efraín</subfield><subfield code='e'>Contributor</subfield></datafield><datafield ind1=' ' ind2=' ' tag='700'><subfield code='a'>Kristal, Efraâin</subfield><subfield code='e'>Contributor</subfield></datafield><datafield ind1=' ' ind2=' ' tag='776'><subfield code='z'>0-521-53219-1</subfield></datafield><datafield ind1=' ' ind2=' ' tag='776'><subfield code='z'>0-521-82533-4</subfield></datafield><datafield ind1=' ' ind2='0' tag='830'><subfield code='a'>Cambridge companions to literature.</subfield></datafield><datafield ind1=' ' ind2=' ' tag='906'><subfield code='a'>BOOK</subfield></datafield><datafield ind1=' ' ind2=' ' tag='PRT'><subfield code='a'>53354809050003811</subfield><subfield code='b'>https://sandbox01-na.alma.exlibrisgroup.com/view/uresolver/01TULI_INST/openurl?u.ignore_date_coverage=true&amp;rft.mms_id=991036753215703811</subfield><subfield code='e'>Cambridge University Press</subfield><subfield code='c'>Cambridge Companions Complete Collection</subfield><subfield code='h'>611000000000002653</subfield><subfield code='8'>53354809050003811</subfield></datafield><datafield ind1=' ' ind2=' ' tag='PRT'><subfield code='a'>53397611020003811</subfield><subfield code='b'>https://sandbox01-na.alma.exlibrisgroup.com/view/uresolver/01TULI_INST/openurl?u.ignore_date_coverage=true&amp;rft.mms_id=991036753215703811</subfield><subfield code='e'>ProQuest</subfield><subfield code='c'>Literature Online (LION) Complete</subfield><subfield code='h'>613780000000001510</subfield><subfield code='8'>53397611020003811</subfield></datafield></record>