
<record xmlns='http://www.loc.gov/MARC21/slim'><leader>06125cam a2200661 i 4500</leader><controlfield tag='005'>20170825232553.0</controlfield><controlfield tag='008'>150629t20162016njua     b    001 0ceng  </controlfield><controlfield tag='001'>991026078679703811</controlfield><datafield ind1=' ' ind2=' ' tag='010'><subfield code='a'>2015025101</subfield></datafield><datafield ind1=' ' ind2=' ' tag='020'><subfield code='a'>9780691164236</subfield><subfield code='q'>hardcover ;</subfield><subfield code='q'>alkaline paper</subfield></datafield><datafield ind1=' ' ind2=' ' tag='020'><subfield code='a'>0691164231</subfield><subfield code='q'>hardcover ;</subfield><subfield code='q'>alkaline paper</subfield></datafield><datafield ind1=' ' ind2=' ' tag='035'><subfield code='a'>(PPT)b62975729-01tuli_inst</subfield></datafield><datafield ind1=' ' ind2=' ' tag='035'><subfield code='a'>(OCoLC)912508050</subfield></datafield><datafield ind1=' ' ind2=' ' tag='035'><subfield code='a'>ocn912508050</subfield></datafield><datafield ind1=' ' ind2=' ' tag='035'><subfield code='a'>(OCLC)ocn912508050</subfield></datafield><datafield ind1=' ' ind2=' ' tag='040'><subfield code='a'>DLC</subfield><subfield code='e'>rda</subfield><subfield code='b'>eng</subfield><subfield code='c'>DLC</subfield><subfield code='d'>YDX</subfield><subfield code='d'>OCLCF</subfield><subfield code='d'>YDXCP</subfield><subfield code='d'>BTCTA</subfield><subfield code='d'>BDX</subfield><subfield code='d'>FM0</subfield><subfield code='d'>YYP</subfield><subfield code='d'>COO</subfield></datafield><datafield ind1=' ' ind2=' ' tag='042'><subfield code='a'>pcc</subfield></datafield><datafield ind1=' ' ind2=' ' tag='079'><subfield code='a'>ocn912508050</subfield></datafield><datafield ind1=' ' ind2=' ' tag='090'><subfield code='a'>BM195</subfield><subfield code='b'>.M35 2016</subfield></datafield><datafield ind1='0' ind2='0' tag='245'><subfield code='a'>Makers of Jewish modernity :</subfield><subfield code='b'>thinkers, artists, leaders, and the world they made /</subfield><subfield code='c'>editors, Jacques Picard, Jacques Revel, Michael P. Steinberg, Idith Zertal ; editorial assistant and photography curator: Ulrich Schultz.</subfield></datafield><datafield ind1=' ' ind2='1' tag='264'><subfield code='a'>Princeton, New Jersey :</subfield><subfield code='b'>Princeton University Press,</subfield><subfield code='c'>[2016]</subfield></datafield><datafield ind1=' ' ind2='4' tag='264'><subfield code='c'>©2016</subfield></datafield><datafield ind1=' ' ind2=' ' tag='300'><subfield code='a'>vii, 680 pages :</subfield><subfield code='b'>illustrations ;</subfield><subfield code='c'>26 cm</subfield></datafield><datafield ind1=' ' ind2=' ' tag='336'><subfield code='a'>text</subfield><subfield code='b'>txt</subfield><subfield code='2'>rdacontent</subfield></datafield><datafield ind1=' ' ind2=' ' tag='337'><subfield code='a'>unmediated</subfield><subfield code='b'>n</subfield><subfield code='2'>rdamedia</subfield></datafield><datafield ind1=' ' ind2=' ' tag='338'><subfield code='a'>volume</subfield><subfield code='b'>nc</subfield><subfield code='2'>rdacarrier</subfield></datafield><datafield ind1=' ' ind2=' ' tag='504'><subfield code='a'>Includes bibliographical references and index.</subfield></datafield><datafield ind1='0' ind2='0' tag='505'><subfield code='t'>Introduction: Thinking Jewish modernity /</subfield><subfield code='r'>Jacques Picard, Jacques Revel, Michael P. Steinberg, Idith Zertal --</subfield><subfield code='t'>Sigmund Freud (1856-1939): Judaism essential and mysterious /</subfield><subfield code='r'>Lydia Flem --</subfield><subfield code='t'>Émile Durkheim (1858-1917): modern society and the Jews /</subfield><subfield code='r'>Bruno Karsenti --</subfield><subfield code='t'>Theodor Herzl (1860-1904): sovereignty and the two Palestines /</subfield><subfield code='r'>Raef Zreik --</subfield><subfield code='t'>Simon Dubnow (1860-1941): reluctant secularism /</subfield><subfield code='r'>Dan Diner --</subfield><subfield code='t'>Bernard Lazare (1865-1903): radical modernism and Jewish identity /</subfield><subfield code='r'>Nathaniel Berman --</subfield><subfield code='t'>Avraham Yitzhak Ha-Cohen Kook (1865-1935): revelation and redemption /</subfield><subfield code='r'>Yehudah Mirsky --</subfield><subfield code='t'>Aby Warburg (1866-1929): &quot;Thinking Jewish&quot; in modernity /</subfield><subfield code='r'>Griselda Pollock --</subfield><subfield code='t'>Walther Rathenau (1867-1922): Bildung, prescription, prophecy /</subfield><subfield code='r'>Leon Botstein --</subfield><subfield code='t'>Else Lasker-Schüler (1869-1945): poetic redemption /</subfield><subfield code='r'>Vivian Liska --</subfield><subfield code='t'>Rosa Luxemburg (1871-1919): universalism and particularism /</subfield><subfield code='r'>Kevin B. Anderson and Peter Hudis --</subfield><subfield code='t'>Arnold Schoenberg (1874-1951): sonic allegories /</subfield><subfield code='r'>Ruth Hacohen --</subfield><subfield code='t'>Martin Buber (1878-1965): the theopolitical hour /</subfield><subfield code='r'>Christoph Schmidt --</subfield><subfield code='t'>Albert Einstein (1879-1955): solidarity and ambivalence /</subfield><subfield code='r'>Robert Schulmann --</subfield><subfield code='t'>Horace Kallen (1882-1974): pragmatic modernism /</subfield><subfield code='r'>Jacques Picard --</subfield><subfield code='t'>Franz Kafka (1883-1924): wiring in motion /</subfield><subfield code='r'>Galili Shahar --</subfield><subfield code='t'>David Ben-Gurion (1886-1973): the politicization of the Jews /</subfield><subfield code='r'>Yaron Ezrahi --</subfield><subfield code='t'>Franz Rosenzweig (1886-1929): on the idea of diaspora /</subfield><subfield code='r'>Peter E. Gordon --</subfield><subfield code='t'>René Cassin (1887-1976): human rights and Jewish internationalism /</subfield><subfield code='r'>Samuel Moyn --</subfield><subfield code='t'>Shmuel Yoseph Agnon (1888-1970): baptism by fire /</subfield><subfield code='r'>Ariel Hirschfeld --</subfield><subfield code='t'>Walter Benjamin (1892-1940): anti-apocalyptic world politics /</subfield><subfield code='r'>Astrid Deuber-Mankowsky --</subfield><subfield code='t'>Peretz Markish (1895-1952): modern Marxist and Yiddishist /</subfield><subfield code='r'>David Shneer and Robert Adler Peckerar --</subfield><subfield code='t'>Gershom Scholem (1897-1982): mystical modernism /</subfield><subfield code='r'>David Biale --</subfield><subfield code='t'>Leo Strauss (1899-1973): Protestant Judaism and its Islamic remedy /</subfield><subfield code='r'>Leora F. Batnitzky --</subfield><subfield code='t'>Yeshayahu Leibowitz (1903-1994): a believer&apos;s voyage /</subfield><subfield code='r'>Avi Sagi --</subfield><subfield code='t'>Theodor W. Adorno (1903-1969): Auschwitz and commodity fetishism /</subfield><subfield code='r'>Moshe Zuckermann --</subfield><subfield code='t'>Mark Rothko (1903-1970): beyond absence /</subfield><subfield code='r'>Ulrike Gehring --</subfield><subfield code='t'>Elias Canetti (1905-1994): a difficult contemporary /</subfield><subfield code='r'>Galin Tihanov --</subfield><subfield code='t'>Emmanuel Levinas (1905-1995): tradition and its other /</subfield><subfield code='r'>Raphael Zagury-Orly --</subfield><subfield code='t'>Hannah Arendt (1906-1975): being in the present /</subfield><subfield code='r'>Martine Leibovici --</subfield><subfield code='t'>Arnaldo Momigliano (1908-1987): Judaism past and present /</subfield><subfield code='r'>Silvia Berti --</subfield><subfield code='t'>Simone Weil (1909-1943): a Jewish thinker? /</subfield><subfield code='r'>Maud S. Mandel --</subfield><subfield code='t'>Isaiah Berlin (1909-1997): unpretentious passion /</subfield><subfield code='r'>Yuli Tamir --</subfield><subfield code='t'>Nathan Alterman (1910-1970): poetry national and political /</subfield><subfield code='r'>Hannan Hever --</subfield><subfield code='t'>Saul Bellow (1915-2005): Athens and Jerusalem /</subfield><subfield code='r'>Steven Jaron --</subfield><subfield code='t'>Primo Levi (1919-1987): memory and enlightenment /</subfield><subfield code='r'>Enzo Traverso --</subfield><subfield code='t'>Paul Celan (1920-1970): the word proscribed /</subfield><subfield code='r'>Arnau Pons --</subfield><subfield code='t'>Clarice Lispector</subfield><subfield code='r'>(1920-1977): Nelson H. Vieira --</subfield><subfield code='t'>Juan Gelman (1930-2014): The bereaved bird /</subfield><subfield code='r'>Pablo Kirtchuk --</subfield><subfield code='t'>Jacques Derrida (1930-2004): Judeities /</subfield><subfield code='r'>Joseph Cohen --</subfield><subfield code='t'>Philip Roth</subfield><subfield code='g'>(1933- ): writing the American Jewish community /</subfield><subfield code='r'>Sidra Dekoven Ezrahi --</subfield><subfield code='t'>Dahlia Ravikovitch (1936-2005): poetry, power, powerlessness /</subfield><subfield code='r'>Chana Kronfeld and Chana Bloch --</subfield><subfield code='t'>Joel and Ethan Cohen (1954- /1957- ): finding Rabbi Marshak /</subfield><subfield code='r'>Daniel Herwitz --</subfield><subfield code='t'>Judith Butler (1956- ): between ethics and politics /</subfield><subfield code='r'>Bonnie Honig and John Wolfe Ackerman.</subfield></datafield><datafield ind1=' ' ind2='7' tag='648'><subfield code='a'>1800-2099</subfield><subfield code='2'>fast</subfield></datafield><datafield ind1=' ' ind2='0' tag='650'><subfield code='a'>Judaism</subfield><subfield code='x'>History</subfield><subfield code='y'>Modern period, 1750-</subfield></datafield><datafield ind1=' ' ind2='0' tag='650'><subfield code='a'>Jews</subfield><subfield code='x'>Intellectual life</subfield><subfield code='y'>19th century</subfield><subfield code='v'>Biography.</subfield></datafield><datafield ind1=' ' ind2='0' tag='650'><subfield code='a'>Jews</subfield><subfield code='x'>Intellectual life</subfield><subfield code='y'>20th century</subfield><subfield code='v'>Biography.</subfield></datafield><datafield ind1=' ' ind2='0' tag='650'><subfield code='a'>Jews</subfield><subfield code='x'>Intellectual life</subfield><subfield code='y'>21st century</subfield><subfield code='v'>Biography.</subfield></datafield><datafield ind1=' ' ind2='0' tag='650'><subfield code='a'>Jews</subfield><subfield code='x'>Civilization.</subfield></datafield><datafield ind1=' ' ind2='0' tag='650'><subfield code='a'>Civilization, Western</subfield><subfield code='x'>Jewish influences.</subfield></datafield><datafield ind1=' ' ind2='0' tag='650'><subfield code='a'>Jewish scientists</subfield><subfield code='v'>Biography.</subfield></datafield><datafield ind1=' ' ind2='0' tag='650'><subfield code='a'>Jewish artists</subfield><subfield code='v'>Biography.</subfield></datafield><datafield ind1=' ' ind2='0' tag='650'><subfield code='a'>Jews</subfield><subfield code='x'>Identity.</subfield></datafield><datafield ind1=' ' ind2='7' tag='650'><subfield code='a'>Civilization, Western</subfield><subfield code='x'>Jewish influences.</subfield><subfield code='2'>fast</subfield><subfield code='0'>(OCoLC)fst01766498</subfield></datafield><datafield ind1=' ' ind2='7' tag='650'><subfield code='a'>Jewish artists.</subfield><subfield code='2'>fast</subfield><subfield code='0'>(OCoLC)fst00982658</subfield></datafield><datafield ind1=' ' ind2='7' tag='650'><subfield code='a'>Jewish scientists.</subfield><subfield code='2'>fast</subfield><subfield code='0'>(OCoLC)fst00982979</subfield></datafield><datafield ind1=' ' ind2='7' tag='650'><subfield code='a'>Jews</subfield><subfield code='x'>Civilization.</subfield><subfield code='2'>fast</subfield><subfield code='0'>(OCoLC)fst00983166</subfield></datafield><datafield ind1=' ' ind2='7' tag='650'><subfield code='a'>Jews</subfield><subfield code='x'>Identity.</subfield><subfield code='2'>fast</subfield><subfield code='0'>(OCoLC)fst00983278</subfield></datafield><datafield ind1=' ' ind2='7' tag='650'><subfield code='a'>Jews</subfield><subfield code='x'>Intellectual life.</subfield><subfield code='2'>fast</subfield><subfield code='0'>(OCoLC)fst00983287</subfield></datafield><datafield ind1=' ' ind2='7' tag='650'><subfield code='a'>Judaism</subfield><subfield code='x'>Modern period.</subfield><subfield code='2'>fast</subfield><subfield code='0'>(OCoLC)fst01907048</subfield></datafield><datafield ind1=' ' ind2='7' tag='655'><subfield code='a'>Biography.</subfield><subfield code='2'>fast</subfield><subfield code='0'>(OCoLC)fst01423686</subfield></datafield><datafield ind1=' ' ind2='7' tag='655'><subfield code='a'>History.</subfield><subfield code='2'>fast</subfield><subfield code='0'>(OCoLC)fst01411628</subfield></datafield><datafield ind1='1' ind2=' ' tag='700'><subfield code='a'>Picard, Jacques,</subfield><subfield code='e'>editor.</subfield></datafield><datafield ind1='1' ind2=' ' tag='700'><subfield code='a'>Revel, Jacques,</subfield><subfield code='d'>1942-</subfield><subfield code='e'>editor.</subfield></datafield><datafield ind1='1' ind2=' ' tag='700'><subfield code='a'>Steinberg, Michael P.,</subfield><subfield code='e'>editor.</subfield></datafield><datafield ind1='1' ind2=' ' tag='700'><subfield code='a'>Zertal, Idith,</subfield><subfield code='e'>editor.</subfield></datafield><datafield ind1='1' ind2='2' tag='700'><subfield code='i'>Container of (work):</subfield><subfield code='a'>Flem, Lydia.</subfield><subfield code='t'>Sigmund Freud (1856-1939)</subfield></datafield><datafield ind1=' ' ind2=' ' tag='902'><subfield code='a'>161026</subfield></datafield><datafield ind1=' ' ind2=' ' tag='907'><subfield code='a'>.b62975729</subfield><subfield code='b'>p    </subfield><subfield code='c'>-</subfield></datafield><datafield ind1=' ' ind2=' ' tag='945'><subfield code='l'>pstk </subfield><subfield code='g'>1</subfield></datafield><datafield ind1=' ' ind2=' ' tag='979'><subfield code='a'>ocn912508050</subfield></datafield><datafield ind1=' ' ind2=' ' tag='998'><subfield code='b'>1</subfield><subfield code='c'>160919</subfield><subfield code='d'>m</subfield><subfield code='e'>a</subfield><subfield code='f'>-</subfield><subfield code='g'>0</subfield></datafield><datafield ind1=' ' ind2=' ' tag='998'><subfield code='b'>1</subfield><subfield code='c'>160919</subfield><subfield code='d'>m</subfield><subfield code='e'>a</subfield><subfield code='f'>-</subfield><subfield code='g'>0</subfield></datafield><datafield ind1=' ' ind2=' ' tag='ADM'><subfield code='b'>2017-08-26 03:25:53</subfield><subfield code='e'>b62975729-01tuli_inst</subfield><subfield code='d'>ILS</subfield><subfield code='a'>2017-06-20 06:32:54</subfield><subfield code='c'>false</subfield></datafield><datafield ind1='0' ind2=' ' tag='HLD'><subfield code='b'>MAIN</subfield><subfield code='c'>stacks</subfield><subfield code='h'>BM195</subfield><subfield code='i'>.M35 2016</subfield><subfield code='8'>22249894270003811</subfield></datafield><datafield ind1=' ' ind2=' ' tag='ITM'><subfield code='r'>22249894270003811</subfield><subfield code='b'>1</subfield><subfield code='h'>0</subfield><subfield code='g'>stacks</subfield><subfield code='t'>BOOK</subfield><subfield code='9'>39074030144570</subfield><subfield code='e'>stacks</subfield><subfield code='8'>23249894260003811</subfield><subfield code='a'>0</subfield><subfield code='q'>2017-06-20 06:32:54</subfield><subfield code='i'>BM195 .M35 2016</subfield><subfield code='d'>MAIN</subfield><subfield code='f'>MAIN</subfield></datafield></record>