
<record xmlns='http://www.loc.gov/MARC21/slim'><leader>05474nam a22006373u 4500</leader><controlfield tag='001'>991036902329503811</controlfield><controlfield tag='005'>20170822111842.0</controlfield><controlfield tag='006'>m        d        </controlfield><controlfield tag='007'>cr -n---------</controlfield><controlfield tag='008'>141222s2014|||||||     s|||||||||||eng|d</controlfield><datafield ind1=' ' ind2=' ' tag='020'><subfield code='a'>9781615300030</subfield></datafield><datafield ind1=' ' ind2=' ' tag='020'><subfield code='a'>1-62275-015-2</subfield></datafield><datafield ind1=' ' ind2=' ' tag='035'><subfield code='a'>(CKB)2550000001079698</subfield></datafield><datafield ind1=' ' ind2=' ' tag='035'><subfield code='a'>(EBL)1220652</subfield></datafield><datafield ind1=' ' ind2=' ' tag='035'><subfield code='a'>(OCoLC)854973678</subfield></datafield><datafield ind1=' ' ind2=' ' tag='035'><subfield code='a'>(SSID)ssj0000953381</subfield></datafield><datafield ind1=' ' ind2=' ' tag='035'><subfield code='a'>(PQKBManifestationID)11564669</subfield></datafield><datafield ind1=' ' ind2=' ' tag='035'><subfield code='a'>(PQKBTitleCode)TC0000953381</subfield></datafield><datafield ind1=' ' ind2=' ' tag='035'><subfield code='a'>(PQKBWorkID)10909826</subfield></datafield><datafield ind1=' ' ind2=' ' tag='035'><subfield code='a'>(PQKB)11048140</subfield></datafield><datafield ind1=' ' ind2=' ' tag='035'><subfield code='a'>(EXLCZ)992550000001079698</subfield></datafield><datafield ind1=' ' ind2=' ' tag='040'><subfield code='a'>AU-PeEL</subfield><subfield code='b'>eng</subfield><subfield code='c'>AU-PeEL</subfield><subfield code='d'>AU-PeEL</subfield></datafield><datafield ind1=' ' ind2=' ' tag='041'><subfield code='a'>eng</subfield></datafield><datafield ind1=' ' ind2='4' tag='050'><subfield code='a'>PS379</subfield></datafield><datafield ind1='0' ind2='0' tag='082'><subfield code='a'>808</subfield><subfield code='a'>808.045</subfield></datafield><datafield ind1='1' ind2=' ' tag='100'><subfield code='a'>Publishing, Britannica Educational.</subfield></datafield><datafield ind1='1' ind2='0' tag='245'><subfield code='a'>Contemporary Authors</subfield><subfield code='h'>[electronic resource] :</subfield><subfield code='b'>1945 to the Present</subfield></datafield><datafield ind1=' ' ind2=' ' tag='246'><subfield code='a'>Britannica Guide to Authors </subfield></datafield><datafield ind1=' ' ind2=' ' tag='246'><subfield code='a'>Contemporary Authors</subfield></datafield><datafield ind1=' ' ind2=' ' tag='260'><subfield code='a'>Chicago :</subfield><subfield code='b'>Britannica Educational Publishing,</subfield><subfield code='c'>2014.</subfield></datafield><datafield ind1=' ' ind2=' ' tag='300'><subfield code='a'>1 online resource (356 p.)</subfield></datafield><datafield ind1=' ' ind2=' ' tag='336'><subfield code='a'>text</subfield><subfield code='b'>txt</subfield></datafield><datafield ind1=' ' ind2=' ' tag='337'><subfield code='a'>computer</subfield><subfield code='b'>c</subfield></datafield><datafield ind1=' ' ind2=' ' tag='338'><subfield code='a'>online resource</subfield><subfield code='b'>cr</subfield></datafield><datafield ind1='1' ind2=' ' tag='490'><subfield code='a'>The Britannica Guide to Authors</subfield></datafield><datafield ind1=' ' ind2=' ' tag='500'><subfield code='a'>Description based upon print version of record.</subfield></datafield><datafield ind1='0' ind2=' ' tag='505'><subfield code='a'>Cover; Half Title; Title; Copyright; Contents; Introduction; Avrom Sutzkever; Robertson Davies; Claude Simon; Vasco Pratolini; Arno Schmidt; William S. Burroughs; Ralph Ellison; Octavio Paz; Marguerite Duras; Julio Cortázar; John Berryman; Dylan Thomas; Saul Bellow; Arthur Miller; Hubert Ogunde; Beverly Cleary; Camilo José Cela; Walker Percy; Anne Hébert; Roald Dahl; Antonio Buero Vallejo; Peter Weiss; Carson McCullers; Anthony Burgess; Robert Lowell, Jr.; Gwendolyn Brooks; Augusto Roa Bastos; Sir Arthur C. Clarke; Heinrich Böll; Dame Muriel Spark; Juan José Arreola; Aleksandr Solzhenitsyn</subfield></datafield><datafield ind1='8' ind2=' ' tag='505'><subfield code='a'>J.D. SalingerLawrence Ferlinghetti; Dame Iris Murdoch; Doris Lessing; Isaac Asimov; Richard Adams; Charles Bukowski; Zhang Ailing; Clarice Lispector; Alex Haley; Jack Kerouac; Sir Kingsley Amis; Alain Robbe-Grillet; Kurt Vonnegut; José Saramago; William Gaddis; Ousmane Sembène; Norman Mailer; Brendan Behan; Joseph Heller; Yves Bonnefoy; Wisława Szymborska; Italo Calvino; Nadine Gordimer; Abe Kōbō; James Baldwin; Truman Capote; Dennis Brutus; Mishima Yukio; Russell Hoban; Pramoedya Ananta Toer; Flannery O&apos;Connor; Rosario Castellanos; John Hawkes; Gore Vidal; Dario Fo; Harper Lee</subfield></datafield><datafield ind1='8' ind2=' ' tag='505'><subfield code='a'>Allen GinsbergFrank O&apos;Hara; Ana María Matute; Robert Bly; Günter Grass; Gabriel García Márquez; Edward Albee; Maya Angelou; William Trevor; Maurice Sendak; Carlos Fuentes; Chingiz Aytmatov; Philip K. Dick; Milan Kundera; Adrienne Rich; Ursula K. Le Guin; Imre Kertész; John Osborne; Adonis; Derek Walcott; John Barth; Juan Gelman; Ted Hughes; Harold Pinter; Chinua Achebe; Juan Goytisolo; E.L. Doctorow; Toni Morrison; Tomas Tranströmer; Alice Munro; John le Carré; Umberto Eco; Robert Coover; John Updike; Athol Fugard; Sir V.S. Naipaul; Shel Silverstein; Sylvia Plath; Philip Roth</subfield></datafield><datafield ind1='8' ind2=' ' tag='505'><subfield code='a'>Andrey VoznesenskyYevgeny Yevtushenko; Cormac McCarthy; Ko Un; Wole Soyinka; Ōe Kenzaburō; Thomas Keneally; Ismail Kadare; Georges Perec; Mario Vargas Llosa; Don DeLillo; Thomas Pynchon; Sir Tom Stoppard; Hunter S. Thompson; Ngugi wa Thiong&apos;o; Raymond Carver; Joyce Carol Oates; Les Murray; Seamus Heaney; Amos Oz; Margaret Atwood; Gao Xingjian; J.M. Coetzee; Jean-Marie Gustave Le Clézio; Joseph Brodsky; Bharati Mukherjee; John Irving; Mahmoud Darwish; Isabel Allende; Sam Shepard; Tahar Ben Jelloun; August Wilson; John Banville; Elfriede Jelinek; Sir Salman Rushdie; Octavia E. Butler</subfield></datafield><datafield ind1='8' ind2=' ' tag='505'><subfield code='a'>Stephen KingDavid Mamet; Art Spiegelman; William Gibson; Murakami Haruki; Martin Amis; Orhan Pamuk; Hilary Mantel; Sir Andrew Motion; Roberto Bolaño; Herta Müller; Alan Moore; Stieg Larsson; Kazuo Ishiguro; Mo Yan; Michel Houellebecq; Tony Kushner; Roddy Doyle; David Foster Wallace; Michael Chabon; J.K. Rowling; David Mitchell; Dave Eggers; Zadie Smith; Glossary; Bibliography; Index; Back Cover</subfield></datafield><datafield ind1=' ' ind2=' ' tag='520'><subfield code='a'>Contemporary literature encompasses so many genres, literary forms, and themes that it would seem almost impossible to identify a unifying thread between them. Yet in the tradition established by literary heavyweights who came before, modern writers of all stripes and backgrounds have continued to entertain and to confront the social, cultural, and psychological realities of the times-including everything from racial identity to war to technology-with their own flair and insight. The diversity of authors profiled herein-from Toni Morrison to Sylvia Plath to Stephen King to David Foster Wallace</subfield></datafield><datafield ind1=' ' ind2=' ' tag='546'><subfield code='a'>English</subfield></datafield><datafield ind1=' ' ind2='4' tag='650'><subfield code='a'>American fiction -- 20th century -- Bio-bibliography.</subfield></datafield><datafield ind1=' ' ind2='4' tag='650'><subfield code='a'>English fiction -- 20th century -- Bio-bibliography.</subfield></datafield><datafield ind1=' ' ind2='4' tag='650'><subfield code='a'>Reading interests.</subfield></datafield><datafield ind1=' ' ind2='0' tag='655'><subfield code='a'>Electronic books.</subfield></datafield><datafield ind1=' ' ind2='0' tag='650'><subfield code='a'>Authors</subfield><subfield code='x'>History and criticism</subfield><subfield code='y'>20th century</subfield><subfield code='v'>Biography</subfield></datafield><datafield ind1=' ' ind2='0' tag='650'><subfield code='a'>Literature, Modern</subfield><subfield code='x'>History</subfield><subfield code='y'>20th century</subfield></datafield><datafield ind1=' ' ind2='0' tag='650'><subfield code='a'>Authorship</subfield><subfield code='y'>20th century</subfield></datafield><datafield ind1=' ' ind2='7' tag='650'><subfield code='a'>Languages &amp; Literatures</subfield><subfield code='2'>HILCC</subfield></datafield><datafield ind1=' ' ind2='7' tag='650'><subfield code='a'>Literature - General</subfield><subfield code='2'>HILCC</subfield></datafield><datafield ind1='1' ind2=' ' tag='700'><subfield code='a'>Augustyn, Adam.</subfield></datafield><datafield ind1=' ' ind2=' ' tag='776'><subfield code='z'>1-62275-003-9</subfield></datafield><datafield ind1=' ' ind2=' ' tag='776'><subfield code='z'>1-299-68117-4</subfield></datafield><datafield ind1=' ' ind2='4' tag='830'><subfield code='a'>The Britannica Guide to Authors</subfield></datafield><datafield ind1=' ' ind2=' ' tag='906'><subfield code='a'>BOOK</subfield></datafield><datafield ind1=' ' ind2=' ' tag='PRT'><subfield code='a'>53426286420003811</subfield><subfield code='b'>https://sandbox01-na.alma.exlibrisgroup.com/view/uresolver/01TULI_INST/openurl?u.ignore_date_coverage=true&amp;rft.mms_id=991036902329503811</subfield><subfield code='e'>Ebook Central</subfield><subfield code='c'>Ebook Central Reference Research</subfield><subfield code='h'>614330000000000083</subfield><subfield code='8'>53426286420003811</subfield></datafield></record>