
<record xmlns='http://www.loc.gov/MARC21/slim'><leader>04558cam a2200469Ii 4500</leader><controlfield tag='005'>20180322153913.0</controlfield><controlfield tag='008'>150106e201410  ck       b    110 0 spa d</controlfield><controlfield tag='001'>991009816349703811</controlfield><datafield ind1=' ' ind2=' ' tag='020'><subfield code='a'>9789587740172</subfield></datafield><datafield ind1=' ' ind2=' ' tag='020'><subfield code='a'>9587740173</subfield></datafield><datafield ind1=' ' ind2=' ' tag='035'><subfield code='a'>(PPT)b57809306-01tuli_inst</subfield></datafield><datafield ind1=' ' ind2=' ' tag='035'><subfield code='a'>(OCoLC)ocn908735337</subfield><subfield code='9'>ExL</subfield></datafield><datafield ind1=' ' ind2=' ' tag='035'><subfield code='a'>(OCoLC)899244823</subfield></datafield><datafield ind1=' ' ind2=' ' tag='035'><subfield code='a'>ocn899244823</subfield></datafield><datafield ind1=' ' ind2=' ' tag='035'><subfield code='a'>(OCLC)ocn899244823</subfield></datafield><datafield ind1=' ' ind2=' ' tag='040'><subfield code='a'>IQU</subfield><subfield code='b'>eng</subfield><subfield code='e'>rda</subfield><subfield code='c'>IQU</subfield><subfield code='d'>FXG</subfield><subfield code='d'>CUY</subfield></datafield><datafield ind1=' ' ind2=' ' tag='043'><subfield code='a'>cl-----</subfield></datafield><datafield ind1=' ' ind2=' ' tag='079'><subfield code='a'>ocn899244823</subfield></datafield><datafield ind1=' ' ind2=' ' tag='090'><subfield code='a'>PQ7081.A1</subfield><subfield code='b'>S56 2011</subfield></datafield><datafield ind1='2' ind2=' ' tag='111'><subfield code='a'>Simposio Redes, Alianzas y Afinidades : Escritura de Mujeres en América Latina, Siglos XIX y XX</subfield><subfield code='d'>(2011 :</subfield><subfield code='c'>Universidad de los Andes, Bogotá, Colombia)</subfield></datafield><datafield ind1='1' ind2='0' tag='245'><subfield code='a'>Redes, alianzas y afinidades :</subfield><subfield code='b'>mujeres y escritura en América Latina : homenaje a Montserrat Ordóñez (1941-2001) /</subfield><subfield code='c'>Carolina Alzate y Darcie Doll, compiladoras.</subfield></datafield><datafield ind1=' ' ind2=' ' tag='250'><subfield code='a'>Primera edición.</subfield></datafield><datafield ind1=' ' ind2='1' tag='264'><subfield code='a'>Bogotá, D.C., Colombia :</subfield><subfield code='b'>Universidad de los Andes, Colombia ;</subfield><subfield code='a'>Santiago de Chile :</subfield><subfield code='b'>Universidad de Chile,</subfield><subfield code='c'>octubre de 2014.</subfield></datafield><datafield ind1=' ' ind2=' ' tag='300'><subfield code='a'>xvii, 273 pages ;</subfield><subfield code='c'>21 cm</subfield></datafield><datafield ind1=' ' ind2=' ' tag='336'><subfield code='a'>text</subfield><subfield code='b'>txt</subfield><subfield code='2'>rdacontent</subfield></datafield><datafield ind1=' ' ind2=' ' tag='337'><subfield code='a'>unmediated</subfield><subfield code='b'>n</subfield><subfield code='2'>rdamedia</subfield></datafield><datafield ind1=' ' ind2=' ' tag='338'><subfield code='a'>volume</subfield><subfield code='b'>nc</subfield><subfield code='2'>rdacarrier</subfield></datafield><datafield ind1=' ' ind2=' ' tag='500'><subfield code='a'>Papers presented at a conference held in Bogotá, Colombia at the Universidad de los Andes, November 2-4, 2011.</subfield></datafield><datafield ind1=' ' ind2=' ' tag='504'><subfield code='a'>Includes bibliographical references.</subfield></datafield><datafield ind1='0' ind2=' ' tag='505'><subfield code='a'>Algunas pioneras : lo público en el centro de la red : viajes, periódicos y novelas en el siglo XIX. La erotización de las lágrimas en Sab de Gertrudis Gómez de Avellaneda (1814-1873) / Ana Peluffo ; Autoría, espiritualismo y educación femenina en el relato de viajes de Maipina de la Barra (1878) / Carol Arcos y Alicia Salomone ; Lectoras y escritoras : redes de personajes femeninos en la segunda mitad del siglo XIX, a propósito de Soledad Acosta de Samper (1833-1913) / Carolina Alzate ; La mujer de Soledad Acosta de Samper : un proyecto de construcción nacional en femenino / Azuvia Licón ; ¿Unas violetas asertivas? : humor, ironía, subversión, acceso al conocimiento / Beatriz Aguirre -- Redes y alianzas en las primeras décadas del siglo XX : correspondencia, periodismo, asociaciones. Variaciones de la autoría en escritoras chilenas de finales del siglo XIX y comienzos del XX / Darcie Doll ; Tejiendo un sueño americano : el poder de las redes de Gabriela Mistral con Estados Unidos en los años 1920 y 1930 / Claudia Cabello Hutt ; Marta Brunet y su campo cultural / Natalia Cisterna ; El doble femenino : obediencia o transgresión en Las descentradas de Salvadora Medina Onrubia y Dos mujeres/El amo del mundo de Alfonsina Storni / Tania Diz ; De las madrinas de guerra a la narrativa de denuncia : redes de mujeres venezolanas en los años 1930 y 1940 / Luz Marina Rivas ; Los juegos dialógicos de entrevistadas/os y entrevistadoras en el campo cultural : 1910-1950 / Laura Romero --Afinidades extendidas : diálogos con mujeres de la segunda mitad del siglo XX. Yáñez, Echeverría, Castillo : los vuelos de la memoria en la construcción de una genealogía de intelectuales chilenas / Lorena Amaro ; Aliadas e insurrectas : las columnas femeninas de Alfonsina Storni y Clarice Lispector / Mariela E. Méndez ; Confesiones y guiños entre &quot;Una niña mala&quot; y La amortajada / Mario Barrero Fajardo ; Completar, conectar, restituir : itinerario reticular de un cuento de Marvel Moreno / Márgara Russotto ; Montserrat Ordóñez : la práctica académica como actividad intelectual / Betty Osorio ; El ingenio de Montserrat Ordóñez : una antología del cuento latinoamericano en una revista de turismo / Beatriz Restrepo Restrepo -- Semblanzas : Montserrat Ordóñez en el tejido de los siglos y los viajes. De Manuela y Micaela a Montserrat : las voces que se levantan en medio de un paisaje arisco / Yolanda Reyes ; El ojo viajero de Montserrat / Nina M. Scott.</subfield></datafield><datafield ind1=' ' ind2='0' tag='650'><subfield code='a'>Latin American literature</subfield><subfield code='x'>Women authors</subfield><subfield code='x'>History and criticism</subfield><subfield code='v'>Congresses.</subfield></datafield><datafield ind1=' ' ind2='0' tag='650'><subfield code='a'>Women authors, Latin American</subfield><subfield code='v'>Congresses.</subfield></datafield><datafield ind1=' ' ind2='0' tag='650'><subfield code='a'>Latin American literature</subfield><subfield code='y'>19th century</subfield><subfield code='x'>History and criticism</subfield><subfield code='v'>Congresses.</subfield></datafield><datafield ind1=' ' ind2='0' tag='650'><subfield code='a'>Latin American literature</subfield><subfield code='y'>20th century</subfield><subfield code='x'>History and criticism</subfield><subfield code='v'>Congresses.</subfield></datafield><datafield ind1='1' ind2='0' tag='600'><subfield code='a'>Ordóñez, Montserrat</subfield><subfield code='x'>Criticism and interpretation</subfield><subfield code='v'>Congresses.</subfield></datafield><datafield ind1='1' ind2=' ' tag='700'><subfield code='a'>Alzate, Carolina,</subfield><subfield code='e'>editor.</subfield></datafield><datafield ind1='1' ind2=' ' tag='700'><subfield code='a'>Doll, Darcie,</subfield><subfield code='e'>editor.</subfield></datafield><datafield ind1=' ' ind2=' ' tag='907'><subfield code='a'>.b57809306</subfield><subfield code='b'>p    </subfield><subfield code='c'>-</subfield></datafield><datafield ind1=' ' ind2=' ' tag='945'><subfield code='l'>pstk </subfield><subfield code='g'>1</subfield></datafield><datafield ind1=' ' ind2=' ' tag='979'><subfield code='a'>ocn899244823</subfield></datafield><datafield ind1=' ' ind2=' ' tag='998'><subfield code='b'>0</subfield><subfield code='c'>150421</subfield><subfield code='d'>m</subfield><subfield code='e'>a</subfield><subfield code='f'>-</subfield><subfield code='g'>0</subfield></datafield><datafield ind1=' ' ind2=' ' tag='998'><subfield code='a'>04/21/15</subfield><subfield code='s'>OCLC</subfield><subfield code='c'>YL</subfield></datafield><datafield ind1=' ' ind2=' ' tag='ADM'><subfield code='b'>2018-03-22 19:39:13</subfield><subfield code='e'>b57809306-01tuli_inst</subfield><subfield code='d'>ILS</subfield><subfield code='a'>2017-06-20 06:42:21</subfield><subfield code='c'>false</subfield></datafield><datafield ind1='0' ind2=' ' tag='HLD'><subfield code='b'>MAIN</subfield><subfield code='c'>stacks</subfield><subfield code='h'>PQ7081.A1</subfield><subfield code='i'>S56 2011</subfield><subfield code='8'>22252980000003811</subfield></datafield><datafield ind1=' ' ind2=' ' tag='ITM'><subfield code='r'>22252980000003811</subfield><subfield code='b'>0</subfield><subfield code='u'>LOAN</subfield><subfield code='h'>0</subfield><subfield code='g'>stacks</subfield><subfield code='t'>BOOK</subfield><subfield code='9'>39074024263881</subfield><subfield code='e'>stacks</subfield><subfield code='8'>23252979910003811</subfield><subfield code='a'>0</subfield><subfield code='q'>2017-06-20 06:42:21</subfield><subfield code='i'>PQ7081.A1 S56 2011</subfield><subfield code='d'>MAIN</subfield><subfield code='f'>MAIN</subfield></datafield></record>