
<record xmlns='http://www.loc.gov/MARC21/slim'><leader>04731cam a2200373Ia 4500</leader><controlfield tag='005'>20170826031856.0</controlfield><controlfield tag='008'>971113s1997    enkac         000 0 eng d</controlfield><controlfield tag='001'>991027050929703811</controlfield><datafield ind1=' ' ind2=' ' tag='010'><subfield code='a'>97067086</subfield></datafield><datafield ind1=' ' ind2=' ' tag='020'><subfield code='a'>1852425814</subfield></datafield><datafield ind1=' ' ind2=' ' tag='020'><subfield code='a'>9781852425814</subfield></datafield><datafield ind1=' ' ind2=' ' tag='035'><subfield code='a'>(PPT)b34291374-01tuli_inst</subfield></datafield><datafield ind1=' ' ind2=' ' tag='035'><subfield code='a'>(OCoLC)ocn492395175</subfield><subfield code='9'>ExL</subfield></datafield><datafield ind1=' ' ind2=' ' tag='035'><subfield code='a'>(OCoLC)37932921</subfield></datafield><datafield ind1=' ' ind2=' ' tag='035'><subfield code='a'>ocm37932921</subfield></datafield><datafield ind1=' ' ind2=' ' tag='035'><subfield code='a'>(OCLC)ocm37932921</subfield></datafield><datafield ind1=' ' ind2=' ' tag='040'><subfield code='a'>SUC</subfield><subfield code='c'>SUC</subfield><subfield code='d'>XY4</subfield><subfield code='d'>BAKER</subfield><subfield code='d'>BTCTA</subfield><subfield code='d'>YDXCP</subfield><subfield code='d'>UV0</subfield></datafield><datafield ind1=' ' ind2=' ' tag='079'><subfield code='a'>ocm37932921</subfield></datafield><datafield ind1=' ' ind2=' ' tag='090'><subfield code='a'>PN6069.W65</subfield><subfield code='b'>E94 1997</subfield></datafield><datafield ind1='0' ind2='0' tag='245'><subfield code='a'>Eye to eye, women :</subfield><subfield code='b'>their words and worlds : life in Africa, Asia, Latin America and the Caribbean as seen in photographs and in fiction by the region&apos;s top women writers /</subfield><subfield code='c'>[edited by Vanessa Baird ; introduction by Anita Desai].</subfield></datafield><datafield ind1='3' ind2=' ' tag='246'><subfield code='a'>Women, eye to eye.</subfield></datafield><datafield ind1=' ' ind2=' ' tag='260'><subfield code='a'>London ;</subfield><subfield code='a'>New York :</subfield><subfield code='b'>Serpent&apos;s Tail,</subfield><subfield code='c'>1997.</subfield></datafield><datafield ind1=' ' ind2=' ' tag='300'><subfield code='a'>127 p. :</subfield><subfield code='b'>ill. (some col.), ports. ;</subfield><subfield code='c'>26 cm.</subfield></datafield><datafield ind1='0' ind2=' ' tag='505'><subfield code='a'>Love and life: Senegal, on a long friendship, from &apos;so long letter&apos;  / Mariama Ba -- Santa Lucia, on infidelity, &apos;Cliche&apos;s for an unfaithful husband&apos; / Jane King -- Egypt, on love eternal and other myths, &apos;Eternal love&apos; / Nawal El Saadawi -- Ecuador, on erotic attraction, &apos;Hidden pleasure&apos; / Fanny Fierro -- Egypt, on complicity in the family, &apos;An incident in the Ghobashi household&apos; / Alifa Rifaat -- Pakistan, on pregnancy, &apos;Come, give me your hand&apos; / Fahmida Riaz -- India, on love across generations, from &quot;My beloved charioteer&apos; / Shashi Deshpande -- Chile, on a special woman, from &apos;My Mother&apos; / Gabriela Mistral -- Cuba, on love, hate and amartory addiction, &apos;A man, a woman&apos; / Omega Aguero -- Work and play: Ghana, on being a professional woman, from &apos;Changes&apos; / Ama Ata Aidoo -- Egypt, on the joy of learning, from &apos;Woman at point zero&apos; / Nawal El Saadawi -- China, on becoming a worker in Mao&apos;s China, from &apos;Wild swans&apos; / Jung Chang -- Bolivia, on growing up a girl in a mining community, from &apos;Let me speak&apos; / Domitila Barrios de Chungara -- Uganda, on a village woman&apos;s day, &apos;Arise to the day&apos;s toil!&apos; / Assumpta Acam-Oturu -- Somalia, on a nomadic childhood, from &apos;Aman, the story of a girl&apos; / Aman -- India, on work in her mother&apos;s village, from &apos;Unveiling India&apos; / Anees Jung -- Culture and creativity: Chile, on stories sacred and profane, from &apos;Eva Luna&apos; / Isabel Allende -- Botswanna, on the dubious origins of an African pot, from &apos;The Old Iron Cooking Pot of Europe&apos; / Bessie Head -- India, on seduction by cinema, from &apos;The accompanist&apos; / Anita Desai.</subfield></datafield><datafield ind1='0' ind2=' ' tag='505'><subfield code='a'>Brazil, on a rendezvous with voodoo, from &apos;The hour of the star&apos; / Clarice Lispector -- Guyana, on a fat black woman&apos;s wishes, &apos;A tropical death&apos; / India, no mixing cultures, from &apos;Karma Cola&apos; / Gita Mehta -- Egypt, on change, from &apos;The fall&apos; / Malak&apos; Abd Al-aziz -- Korea, on dreams and nightmares, from &apos;The bronze mirror&apos; / O Chonghui -- India, on problems with the stars, from &apos;Rites of passage&apos; / Bulbul Sharma -- Environment: India, on noise and chaos, from &apos;Studies in the park&apos; / Anita Desai -- Tunisia, on land and survival, from &apos;And we were born&apos; / Amina Said -- Argentina, on a retreat to the mountains, from &apos;Up among the eagles&apos; / Luisa Valenzuela -- Pakistan, on climate and colonialism, from &apos;To masters of countries with cold climates&apos; / Kishwar Naheed -- India, on ties to the village, from &apos;Unveiling India&apos; -- Somalia, on her own nomadic birth, from &apos;Aman, story of a Somalia girl&apos; / Aman -- Politica and society: South Africa, on race and self-expression, &apos;I will sing&apos; / Amelia Blossom Pegram -- Ester, a &apos;mother of the disappeared&apos; speaks to Margaret Hooks in &apos;Guatamalan Women Speak&apos; -- Chile, on class and double-standards, from &apos;The house of spirits&apos; / Isabel Allende -- India, on the war between girls and boys, from &apos;Daughter&apos;s daughter&apos; / Mrinal Pande -- Guyana, on mixed racial identities, from &apos;Tapestry&apos; / Grace Nichols -- Peru, on social expectations, &apos;The grocer&apos;s dream&apos; / Giovanna Pollarolo -- Ghana, on freedom struggles,&apos;Liberation&apos; / Abena Busia -- India, on womanliness, &apos;The gods&apos; / Suniti Namjoshi -- Egypt, on the clash between a woman and the local holy man, &apos;The long trial&apos; -- Tigray, on being a guerilla , from &apos;Sweeter than honey; Testimonies of Tigrayan women&apos; / Kebbedesh -- Endpiece: Chile, on the joy of living, &apos;I thank life for so many gifts&apos; / Violetta Parra -- Notes on the authors -- Contacts for photographers -- Acknowledgements.</subfield></datafield><datafield ind1=' ' ind2='0' tag='650'><subfield code='a'>Literature</subfield><subfield code='x'>Women authors.</subfield></datafield><datafield ind1=' ' ind2='0' tag='650'><subfield code='a'>Literature, Modern</subfield><subfield code='y'>20th century.</subfield></datafield><datafield ind1='1' ind2=' ' tag='700'><subfield code='a'>Baird, Vanessa.</subfield></datafield><datafield ind1=' ' ind2=' ' tag='902'><subfield code='a'>100205</subfield></datafield><datafield ind1=' ' ind2=' ' tag='907'><subfield code='a'>.b34291374</subfield><subfield code='b'>b    </subfield><subfield code='c'>-</subfield></datafield><datafield ind1=' ' ind2=' ' tag='945'><subfield code='l'>b    </subfield><subfield code='g'>1</subfield></datafield><datafield ind1=' ' ind2=' ' tag='979'><subfield code='a'>ocm37932921</subfield></datafield><datafield ind1=' ' ind2=' ' tag='998'><subfield code='b'>0</subfield><subfield code='c'>080507</subfield><subfield code='d'>m</subfield><subfield code='e'>a</subfield><subfield code='f'>-</subfield><subfield code='g'>0</subfield></datafield><datafield ind1=' ' ind2=' ' tag='998'><subfield code='a'>05/07/08</subfield><subfield code='s'>OCLC</subfield><subfield code='c'>AB</subfield></datafield><datafield ind1=' ' ind2=' ' tag='ADM'><subfield code='b'>2017-08-26 07:18:56</subfield><subfield code='e'>b34291374-01tuli_inst</subfield><subfield code='d'>ILS</subfield><subfield code='a'>2017-06-20 14:14:01</subfield><subfield code='c'>false</subfield></datafield><datafield ind1='0' ind2=' ' tag='HLD'><subfield code='b'>BLOCKSON</subfield><subfield code='c'>rarestacks</subfield><subfield code='h'>PN6069.W65</subfield><subfield code='i'>E94 1997</subfield><subfield code='8'>22330193840003811</subfield></datafield><datafield ind1=' ' ind2=' ' tag='ITM'><subfield code='r'>22330193840003811</subfield><subfield code='b'>1</subfield><subfield code='h'>0</subfield><subfield code='g'>rarestacks</subfield><subfield code='t'>BOOK</subfield><subfield code='e'>rarestacks</subfield><subfield code='8'>23330193830003811</subfield><subfield code='a'>4</subfield><subfield code='q'>2017-06-20 14:14:01</subfield><subfield code='i'>PN6069.W65 E94 1997</subfield><subfield code='d'>BLOCKSON</subfield><subfield code='f'>BLOCKSON</subfield></datafield></record>