
<record xmlns='http://www.loc.gov/MARC21/slim'><leader>08245cam a2200673Ia 4500</leader><controlfield tag='005'>20170826032541.0</controlfield><controlfield tag='008'>970423t19971994nyu      b    000 0 eng d</controlfield><controlfield tag='001'>991029914429703811</controlfield><datafield ind1=' ' ind2=' ' tag='010'><subfield code='z'>92062775</subfield></datafield><datafield ind1=' ' ind2=' ' tag='020'><subfield code='a'>0312152965</subfield><subfield code='q'>(pbk.)</subfield></datafield><datafield ind1=' ' ind2=' ' tag='020'><subfield code='a'>9780312152963</subfield><subfield code='q'>(pbk.)</subfield></datafield><datafield ind1=' ' ind2=' ' tag='035'><subfield code='a'>(PPT)b6409179x-01tuli_inst</subfield></datafield><datafield ind1=' ' ind2=' ' tag='035'><subfield code='a'>(OCoLC)36789149</subfield></datafield><datafield ind1=' ' ind2=' ' tag='035'><subfield code='a'>ocm36789149</subfield></datafield><datafield ind1=' ' ind2=' ' tag='035'><subfield code='a'>(OCLC)ocm36789149</subfield></datafield><datafield ind1=' ' ind2=' ' tag='040'><subfield code='a'>OCO</subfield><subfield code='b'>eng</subfield><subfield code='c'>OCO</subfield><subfield code='d'>XBM</subfield><subfield code='d'>OCL</subfield><subfield code='d'>OCLCQ</subfield><subfield code='d'>BAKER</subfield><subfield code='d'>BTCTA</subfield><subfield code='d'>YDXCP</subfield><subfield code='d'>BDX</subfield><subfield code='d'>OCLCQ</subfield><subfield code='d'>OCLCF</subfield><subfield code='d'>OCLCQ</subfield><subfield code='d'>OCLCO</subfield><subfield code='d'>LANGC</subfield><subfield code='d'>OCLCQ</subfield><subfield code='d'>OCL</subfield></datafield><datafield ind1=' ' ind2=' ' tag='043'><subfield code='a'>n-us---</subfield></datafield><datafield ind1=' ' ind2='4' tag='050'><subfield code='a'>PS508.W7</subfield><subfield code='b'>W576 1997</subfield></datafield><datafield ind1=' ' ind2=' ' tag='079'><subfield code='a'>ocm36789149</subfield></datafield><datafield ind1=' ' ind2=' ' tag='090'><subfield code='a'>PS508.W7</subfield><subfield code='b'>W576 1997</subfield></datafield><datafield ind1='0' ind2='4' tag='245'><subfield code='a'>The Woman that I am :</subfield><subfield code='b'>the literature and culture of contemporary women of color /</subfield><subfield code='c'>[edited by] D. Soyini Madison.</subfield></datafield><datafield ind1='3' ind2=' ' tag='246'><subfield code='a'>Literature and culture of contemporary women of color</subfield></datafield><datafield ind1=' ' ind2=' ' tag='250'><subfield code='a'>1st St. Martin&apos;s Griffin ed.</subfield></datafield><datafield ind1=' ' ind2=' ' tag='260'><subfield code='a'>New York :</subfield><subfield code='b'>St. Martin&apos;s Griffin,</subfield><subfield code='c'>1997, ©1994.</subfield></datafield><datafield ind1=' ' ind2=' ' tag='300'><subfield code='a'>xxxvi, 709 pages ;</subfield><subfield code='c'>23 cm</subfield></datafield><datafield ind1=' ' ind2=' ' tag='336'><subfield code='a'>text</subfield><subfield code='b'>txt</subfield><subfield code='2'>rdacontent</subfield></datafield><datafield ind1=' ' ind2=' ' tag='337'><subfield code='a'>unmediated</subfield><subfield code='b'>n</subfield><subfield code='2'>rdamedia</subfield></datafield><datafield ind1=' ' ind2=' ' tag='338'><subfield code='a'>volume</subfield><subfield code='b'>nc</subfield><subfield code='2'>rdacarrier</subfield></datafield><datafield ind1=' ' ind2=' ' tag='504'><subfield code='a'>Includes bibliographical references.</subfield></datafield><datafield ind1='0' ind2=' ' tag='505'><subfield code='a'>Introduction. Native Americans : Fire / Joy Harjo -- African Americans : Ancestors : in praise of the imperishable / Sandra Jackson-Opoku -- Latina Americans : Hermano / Angela de Hoyos -- Asian Americans : Second nature / Diana Chang ; Muliebrity / Sujata Bhatt.</subfield></datafield><datafield ind1='0' ind2=' ' tag='505'><subfield code='a'>Poetry. The Beirut-Hell Express / Etel Adnan -- The prisoner / Ai (Pelorhankhe Ogawa) -- Suicid/ing(ed) Indian women / Paula Gunn Allen -- Our grandmothers / Maya Angelou -- I want to renegade / S. Brandi Barnes -- My womb / Esmeralda Bernal -- Farolita / Mei-Mei Berssenbrugge -- For Mama (and her mamas, too) ; To grandmother&apos;s house we go / Nora Brooks Blakely -- for all my grandmothers / Beth Brant -- The lovers of the poor / Gwendolyn Brooks -- The antihero / Ana Castillo -- Poem for the young white man who asked me how I, an intelligent, well-read person, could believe in the war between races / Lorna Dee Cervantes -- africans sleeping in the park at night / Eileen Cherry -- We are Americans now, we live in the tundra / Marilyn (Mei Ling) Chin -- I make the fire ; Those tears / Chrystos -- what the mirror said / Lucille Clifton -- Una mujer loca ; What the gypsy said to her children / Judith Ortiz Cofer -- Marina ; Dark romance / Lucha Corpi -- In the morning / Jayne Cortez -- Reunion / Thadious M. Davis -- Adolescence I ; Adolescence II ; Adolescence III / Rita Dove -- Dear John Wayne / Louise Erdrich -- I am a Black woman / Mari Evans -- Adulthood / Nikki Giovanni -- The second time / Rebecca Gonzales -- When I cut my hair / Rayna Green -- Motown/Smokey Robinson / Jessica Hagedorn -- Spider dream / Elaine Hall -- I give you back / Joy Harjo -- The history of fire ; The lost girls / Linda Hogan -- What I said as a child ; In her solitude : the Inca divining spider (Ana) / Angela Jackson -- I got so thirsty that my mouth waters at the thought of rain / Patricia Jones -- War and memory / June Jordan -- Sewing woman / Alison Kim -- Into such assembly / Myung Mi Kim -- On writing Asian-American poetry / Geraldine Kudaka -- Wonder woman ; Children are color-blind / Genny Lim -- I am the weaver / Abbey Lincoln -- The woman thing / Audre Lorde -- Offspring / Naomi Long Madgett -- Generations of women ; Loving from Vietnam to Zimbabwe / Janice Mirikitani -- The welder / Cherrie Moraga -- My father and the figtree / Naomi Shihab Nye -- Where will you be? / Pat Parker -- First stop/city of senses / Carmen M. Pursifill -- Good-bye, my loved one / Diana Rivera -- Our side of it / Marina Rivera -- Poem for some Black women / Carolyn M. Rodgers -- Julia ; Sipapu / Wendy Rose -- Past : 1. Women ; 2. Earth mother ; 3. young/black/girl / Sonia Sanchez -- Defining the grateful gesture / Yvonne Sapia -- five / Ntozake Shange -- Metamorphosis / Carol P. Snow -- Keep a dime / Debra Swallow -- Suburban Indian pride ; Giving back / Tahnahga -- Matmiya / Mary Tallmountain -- My mother sews blouses / Gina Valdes -- In the summer after &apos;issue year&apos; winter (1873) ; Star quilt / Roberta Hill Whiteman -- from The iconography of childhood / Sherley Anne Williams -- When I was growing up ; For an Asian woman who says my poetry gives her a stomachache / Nellie Wong -- The handbook of sex of the plain girl / Marian Yee.</subfield></datafield><datafield ind1='0' ind2=' ' tag='505'><subfield code='a'>Short stories. Deep purple / Paula Gunn Allen -- A girl&apos;s story / Toni Cade Bambara -- Never marry a Mexican / Sandra Cisneros -- American horse / Louise Erdrich -- Recuerdo / Guadalupe Valdes Fallis -- Making do / Linda Hogan -- from Black is a woman&apos;s color / bell hooks -- At the bottom of the river / Jamaica Kincaid -- Preciousness / Clarice Lispector -- Two deserts / Valerie Matsumoto -- A wife&apos;s story / Bharati Mukherjee -- Paths upon water / Tahira Naqvi -- The heart of the flower / Georgiana Valoyce Sanchez -- Storyteller / Leslie Marmon Silko -- Two kinds / Amy Tan -- Miss Clairol / Helena Maria Viramontes -- Wilshire bus / Hisaye Yamamoto.</subfield></datafield><datafield ind1='0' ind2=' ' tag='505'><subfield code='a'>Drama. Novena narrativas / Denise Chavez -- Hospice : a play in one act / Pearl Cleage -- Shango diaspora : an African-American myth of womanhood and love&quot; Angela Jackson -- The day of the swallows : a drama in three acts / Estela Portillo -- And the soul shall dance / Wakako Yamauchi.</subfield></datafield><datafield ind1='0' ind2=' ' tag='505'><subfield code='a'>Cultural narratives. You&apos;re short, besides! / Sucheng Chan -- You may consider speaking about your art / Elizabeth Cook-Lynn -- Some lines for a younger brother / Sue Kunitomi Embrey -- Homeplace (a site of resistance) / bell hooks -- Learning from the 60s / Audre Lorde -- Grandma&apos;s story / Trinh T. Minh-ha -- La guera / Cherrie Moraga -- Rootedness : the ancestor as foundation / Toni Morrison -- Landscape, history, and the Pueblo imagination / Leslie Marmon Silko -- An oral history (testimonio) / Sherezada (Chiqui) Vicioso -- In search of our mother&apos;s gardens / Alice Walker -- Fire and ice (some thoughts on property, appearance, and the language of lawmakers) / Patricia J. Williams -- Letter to Ma / Merle Woo -- Invisibilty is an unnatural disaster : reflections of an Asian American woman / Mitsuye Yamada.</subfield></datafield><datafield ind1='0' ind2=' ' tag='505'><subfield code='a'>Critical perspectives. Something sacred going on out there : myth and vision in American Indian literature / Paula Gunn Allen -- La conciencia de la mestiza : towards a new consciousness / Gloria Anzaldua -- The high and the lows of Black feminist criticism / Barbara Christian -- Defining Black feminist thought / Patricia Hill Collins -- Defining Asian American realities through literature / Elaine H. Kim -- The dilemma of the modern Chicana artist and critic / Marcela Christine Lucero-Trujillo -- Playness, &apos;world&apos;-travelling, and loving perception / Maria Lugones -- The politics of poetics : or, What am I, a critic, doing in this text anyhow?&quot; / Tey Diana Rebolledo -- The truth that never hurts : Black Lesbians in fiction in the 1980s / Barbara Smith -- Black feminist theory and the representation of the &apos;other&apos; / Valerie Smith.</subfield></datafield><datafield ind1=' ' ind2='0' tag='650'><subfield code='a'>American literature</subfield><subfield code='x'>Women authors.</subfield></datafield><datafield ind1=' ' ind2='0' tag='650'><subfield code='a'>Ethnic groups</subfield><subfield code='z'>United States</subfield><subfield code='v'>Literary collections.</subfield></datafield><datafield ind1=' ' ind2='0' tag='650'><subfield code='a'>Women</subfield><subfield code='z'>United States</subfield><subfield code='v'>Literary collections.</subfield></datafield><datafield ind1=' ' ind2='0' tag='650'><subfield code='a'>American literature</subfield><subfield code='y'>20th century.</subfield></datafield><datafield ind1=' ' ind2='0' tag='650'><subfield code='a'>Ethnic groups</subfield><subfield code='z'>United States.</subfield></datafield><datafield ind1=' ' ind2='0' tag='650'><subfield code='a'>Women</subfield><subfield code='z'>United States.</subfield></datafield><datafield ind1=' ' ind2='0' tag='650'><subfield code='a'>African American women</subfield><subfield code='v'>Literary collections.</subfield></datafield><datafield ind1=' ' ind2='0' tag='650'><subfield code='a'>Minority women</subfield><subfield code='z'>United States</subfield><subfield code='v'>Literary collections.</subfield></datafield><datafield ind1=' ' ind2='7' tag='650'><subfield code='a'>African American women.</subfield><subfield code='2'>fast</subfield><subfield code='0'>(OCoLC)fst00799438</subfield></datafield><datafield ind1=' ' ind2='7' tag='650'><subfield code='a'>American literature.</subfield><subfield code='2'>fast</subfield><subfield code='0'>(OCoLC)fst00807113</subfield></datafield><datafield ind1=' ' ind2='7' tag='650'><subfield code='a'>American literature</subfield><subfield code='x'>Women authors.</subfield><subfield code='2'>fast</subfield><subfield code='0'>(OCoLC)fst00807271</subfield></datafield><datafield ind1=' ' ind2='7' tag='650'><subfield code='a'>Ethnic groups.</subfield><subfield code='2'>fast</subfield><subfield code='0'>(OCoLC)fst00915958</subfield></datafield><datafield ind1=' ' ind2='7' tag='650'><subfield code='a'>Minority women.</subfield><subfield code='2'>fast</subfield><subfield code='0'>(OCoLC)fst01023418</subfield></datafield><datafield ind1=' ' ind2='7' tag='650'><subfield code='a'>Women.</subfield><subfield code='2'>fast</subfield><subfield code='0'>(OCoLC)fst01176568</subfield></datafield><datafield ind1=' ' ind2='7' tag='651'><subfield code='a'>United States.</subfield><subfield code='2'>fast</subfield><subfield code='0'>(OCoLC)fst01204155</subfield></datafield><datafield ind1=' ' ind2='7' tag='648'><subfield code='a'>1900-1999</subfield><subfield code='2'>fast</subfield></datafield><datafield ind1=' ' ind2='7' tag='655'><subfield code='a'>Literary collections.</subfield><subfield code='2'>fast</subfield><subfield code='0'>(OCoLC)fst01423811</subfield></datafield><datafield ind1='1' ind2=' ' tag='700'><subfield code='a'>Madison, D. Soyini.</subfield></datafield><datafield ind1=' ' ind2=' ' tag='902'><subfield code='a'>170220</subfield></datafield><datafield ind1=' ' ind2=' ' tag='907'><subfield code='a'>.b6409179x</subfield><subfield code='b'>b    </subfield><subfield code='c'>-</subfield></datafield><datafield ind1=' ' ind2=' ' tag='945'><subfield code='l'>b    </subfield><subfield code='g'>1</subfield></datafield><datafield ind1=' ' ind2=' ' tag='979'><subfield code='a'>ocm36789149</subfield></datafield><datafield ind1=' ' ind2=' ' tag='998'><subfield code='b'>0</subfield><subfield code='c'>170131</subfield><subfield code='d'>m</subfield><subfield code='e'>a</subfield><subfield code='f'>-</subfield><subfield code='g'>4</subfield></datafield><datafield ind1=' ' ind2=' ' tag='998'><subfield code='a'>01/31/17</subfield><subfield code='s'>OCLC</subfield><subfield code='c'>AB</subfield></datafield><datafield ind1=' ' ind2=' ' tag='ADM'><subfield code='b'>2017-08-26 07:25:41</subfield><subfield code='e'>b6409179x-01tuli_inst</subfield><subfield code='d'>ILS</subfield><subfield code='a'>2017-06-20 06:49:26</subfield><subfield code='c'>false</subfield></datafield><datafield ind1='0' ind2=' ' tag='HLD'><subfield code='b'>BLOCKSON</subfield><subfield code='c'>rarestacks</subfield><subfield code='h'>PS508.W7</subfield><subfield code='i'>W576 1997</subfield><subfield code='8'>22255301530003811</subfield></datafield><datafield ind1=' ' ind2=' ' tag='ITM'><subfield code='r'>22255301530003811</subfield><subfield code='b'>1</subfield><subfield code='h'>0</subfield><subfield code='g'>rarestacks</subfield><subfield code='t'>BOOK</subfield><subfield code='e'>rarestacks</subfield><subfield code='8'>23255301520003811</subfield><subfield code='a'>4</subfield><subfield code='q'>2017-06-20 06:49:26</subfield><subfield code='i'>PS508.W7 W576 1997</subfield><subfield code='d'>BLOCKSON</subfield><subfield code='f'>BLOCKSON</subfield></datafield></record>