
<record xmlns='http://www.loc.gov/MARC21/slim'><leader>08741cam a2200505 i 4500</leader><controlfield tag='005'>20170825175009.0</controlfield><controlfield tag='008'>700108s1969    nyua          000 0 eng  </controlfield><controlfield tag='001'>991030142279703811</controlfield><datafield ind1=' ' ind2=' ' tag='010'><subfield code='a'>73102360</subfield></datafield><datafield ind1=' ' ind2=' ' tag='035'><subfield code='a'>(PPT)b64140106-01tuli_inst</subfield></datafield><datafield ind1=' ' ind2=' ' tag='035'><subfield code='a'>(OCoLC)50073</subfield><subfield code='z'>(OCoLC)3088470</subfield><subfield code='z'>(OCoLC)225282466</subfield><subfield code='z'>(OCoLC)612549407</subfield></datafield><datafield ind1=' ' ind2=' ' tag='035'><subfield code='a'>ocm00050073</subfield></datafield><datafield ind1=' ' ind2=' ' tag='035'><subfield code='a'>(OCLC)ocm00050073</subfield></datafield><datafield ind1=' ' ind2=' ' tag='040'><subfield code='a'>DLC</subfield><subfield code='b'>eng</subfield><subfield code='c'>DLC</subfield><subfield code='d'>OCL</subfield><subfield code='d'>OCLCQ</subfield><subfield code='d'>BTCTA</subfield><subfield code='d'>OCLCG</subfield><subfield code='d'>OCLCA</subfield><subfield code='d'>SNM</subfield><subfield code='d'>OCLCO</subfield><subfield code='d'>OCLCF</subfield><subfield code='d'>OCLCQ</subfield><subfield code='d'>OCLCO</subfield></datafield><datafield ind1='1' ind2=' ' tag='041'><subfield code='a'>eng</subfield><subfield code='h'>spa</subfield></datafield><datafield ind1=' ' ind2=' ' tag='043'><subfield code='a'>cl-----</subfield></datafield><datafield ind1=' ' ind2=' ' tag='079'><subfield code='a'>ocm00050073</subfield></datafield><datafield ind1=' ' ind2=' ' tag='090'><subfield code='a'>PQ7087.E5</subfield><subfield code='b'>D6</subfield></datafield><datafield ind1='1' ind2=' ' tag='100'><subfield code='a'>Donoso, José,</subfield><subfield code='d'>1924-1996,</subfield><subfield code='e'>compiler.</subfield></datafield><datafield ind1='1' ind2='4' tag='245'><subfield code='a'>The TriQuarterly anthology of contemporary Latin American literature /</subfield><subfield code='c'>edited by Jose Donoso and William A. Henkin, with the staff of TriQuarterly.</subfield></datafield><datafield ind1=' ' ind2=' ' tag='250'><subfield code='a'>[1st ed.].</subfield></datafield><datafield ind1=' ' ind2=' ' tag='260'><subfield code='a'>New York :</subfield><subfield code='b'>Dutton,</subfield><subfield code='c'>[1969]</subfield></datafield><datafield ind1=' ' ind2=' ' tag='300'><subfield code='a'>xi, 496 pages :</subfield><subfield code='b'>illustrations ;</subfield><subfield code='c'>22 cm</subfield></datafield><datafield ind1=' ' ind2=' ' tag='336'><subfield code='a'>text</subfield><subfield code='b'>txt</subfield><subfield code='2'>rdacontent</subfield></datafield><datafield ind1=' ' ind2=' ' tag='337'><subfield code='a'>unmediated</subfield><subfield code='b'>n</subfield><subfield code='2'>rdamedia</subfield></datafield><datafield ind1=' ' ind2=' ' tag='338'><subfield code='a'>volume</subfield><subfield code='b'>nc</subfield><subfield code='2'>rdacarrier</subfield></datafield><datafield ind1=' ' ind2=' ' tag='530'><subfield code='a'>Also issued online.</subfield></datafield><datafield ind1='0' ind2=' ' tag='505'><subfield code='a'>A literature of foundations / Octavio Paz -- The new Latin American novelists / Rodriguez Monegal -- Translating Cesar Vallejo : an evolution / Clayton Eshleman -- &quot;It was Sunday ...&quot; / Cesar Vallejo -- &quot;The point of the man ...&quot; / Cesar Vallejo -- &quot;But before all this lady runs out ...&quot; / Cesar Vallejo -- &quot;Today I like life much less ...&quot; / Cesar Vallejo -- &quot;The windows ...&quot; / Cesar Vallejo -- &quot;The one who will come ...&quot; / Cesar Vallejo -- Report on the blind : part III from the novel Sobre heroes y tumbas / Ernesto Sabato -- The poem / Javier Heraud -- At home / Javier Heraud -- Only / Javier Heraud -- Some things / Javier Heraud -- The river / Javier Heraud -- Epilogue / Javier Heraud -- Selfportrait with friends / Gustavo Sainz -- An anthology of Cuban poetry / Margaret Randall -- Song of lost paradise / Eliseo Diego -- Calm / Eliseo Diego -- Boredom of the second day / Jose Lezema Lima -- Now has no weight / Jose Lezema Lima -- The cords / Jose Lezema Lima -- The other / Roberto Fernandez Retamar -- from the Vedado, a Cuban writes to a decidedly European friend / Roberto Fernandez Retamar -- I hear my name / Fayad Jamis -- Auschwitz was not the garden of my childhood / Fayad Jamis -- Giron Beach / Herberto Padilla -- Anne Frank / Herberto Padilla -- from Barracks and nets / Pablo Armando Fernandez -- The absent friend / Miguel Barnet -- Errata / Miguel Barnet -- Chapter One from The green house / Mario Vargas Llosa -- Altar of the sun / Octavio Paz -- The switchman / Juan Jose Arreola.</subfield></datafield><datafield ind1='0' ind2=' ' tag='505'><subfield code='a'>An anthology of Peruvian poetry / Maureen Ahern Maurer -- Question of time / Antonio Cisneros -- Loneliness II / Antonio Cisneros -- Tupac Amaru relegate / Antonio Cisneros -- After the Battle of Ayacucho : a mother&apos;s testimony / Antonio Cisneros -- Life explains &amp; death spies out / Washington Delgado -- Plurality of worlds / Washington Delgado -- Report for Isolda / Julio Ortega -- The poet&apos;s room / Cesar Calvo -- From the liturgy / Juan Gonzalo Rose -- The beak of the dove / Juan Gonzalo Rose -- Tuesday siesta / Gabriel Garcia Marquez -- 20 poems from O Hada Cibernetica! / Carlos German Belli -- The intruder / Jorge Luis Borges -- An anthology of Argentine poetry / Patrick Morgan -- Those who are alone / Horacio Salas -- Friends / Horacio Salas -- Picture girl / Carlos J. Moneta -- The emperor of rain / Carlos J. Moneta -- The struggle of poets / Carlos J. Moneta -- Eternity / Armando Tejada Gomez -- The wind and the weathercock / Armando Tejada Gomez -- The fish dies by the mouth / Armando Tejada Gomez -- Americania / Miguel Grinberg -- To Elbialove unsung / Leopoldo Marechal -- Michel / Maximo Simpson -- Melancholy hotel / Maximo Simpson -- Of men and years / Edgar Bayley -- Theory re deniela rocca / Juan Gelman -- from &quot;Fragments&quot; / Miguel Angel Bustos -- The shared thoughts, free prose, of Basilia Papastamatiu / Basilia Papastamatiu -- Nine Paraguayan poets / Ruben Bareiro Saguier -- &quot;The wind vacated&quot; / Esteban Cabanas -- &quot;Reptile growing gloomy leaves&quot; / Esteban Cabanas -- &quot;Flour from lifeless roots&quot; / Ramiro Dominguez -- Fragment / Ramiro Dominguez -- All on meeting you / Rene Davalos -- Colophon / Jose-Luis Appleyard -- There is a place / Jose-Luis Appleyard -- Still (fragment) / Francisco Perez Maricevich -- Poem 8 / Francisco Perez Maricevich -- Sea bed / Ruben Bareiro Saguier -- Awakening / Ruben Bareiro Saguier -- &quot;I cannot find ...&quot; / Jose Maria Gomez Sanjurjo -- &quot;If the breeze today&quot; / Jose Maria Gomez Sanjurjo -- Early morning memory / Adolfo Ferreiro -- Masquerade / Adolfo Ferreiro -- &quot;9&quot; / Roque Vallejos -- &quot;7&quot; / Roque Vallejos -- Good evening, sir / Dalton Trevisan -- The elephant&apos;s graveyard / Dalton Trevisan -- &quot;It was the grape&apos;s autumn&quot; / Pablo Neruda -- They receive instructions against Chile / Pablo Neruda -- Hunger in the south / Pablo Neruda -- Murderer&apos;s sleep / Pablo Neruda -- Ode to broken things / Pablo Neruda --from Lautreamont regained / Pablo Neruda -- Opium in the East / Pablo Neruda -- Religion in the East / Pablo Neruda -- Paseo / Jose Donoso.</subfield></datafield><datafield ind1='0' ind2=' ' tag='505'><subfield code='a'>An anthology of Mexican poetry / Margaret Randall -- The written word / Octavio Paz -- Nocturno / Octavio Paz -- The return / Octavio Paz -- Lightning, in repose / Octavio Paz -- The dunes / Isabel Fraire -- &quot;This was in the time ...&quot; / Isabel Fraire -- Fallout shelter / Joaquin Sanchez MacGregor -- Polar ice / Joaquin Sanchez MacGregor -- I love your confusion / Homero Aridjis -- Night dies on a crushed apple / Homero Aridjis -- Urns, flies and locusts / Sergio Mondragon -- In July and in Hebrew / Sergio Mondragon -- chapters from El habitante amoroso / Juan Banuelos -- Brief flower / Nelida Pinon -- Mud / Enrique Lihn -- The dark room / Enrique Lihn -- Jonah / Enrique Lihn -- Coliseum / Enrique Lihn -- You are perfectly monstrous in your silence / Enrique Lihn -- Market place / Enrique Lihn -- The favorite / Juan Jose Hernandez -- To a coin / Jorge Luis Borges -- Raphael Cansinos-Assens / Jorge Luis Borges -- Emanuel Swedenborg / Jorge Luis Borges -- Someone / Jorge Luis Borges -- A soldier under Lee (1862) / Jorge Luis Borges -- The sea / Jorge Luis Borges -- To a Saxon poet / Jorge Luis Borges -- Edgar Allan Poe / Jorge Luis Borges -- The perfect adventure / Vincente Lenero -- An anthology of Chilean poetry : thus it is, if you think it is / Alfonso Calderon --Legacy of honey / Efrain Barquero -- The house / Efrain Barquero -- XXI / Efrain Barquero -- Winter / Alberto Rubio -- Grandmother / Alberto Rubio -- To silence / Gonzalo Rojas -- Coal / Gonzalo Rojas -- And I keep singing you like a bad popular song / Gonzalo Millan -- Clinical bulletin / Gonzalo Millan -- Vision of Hiroshima / Oscar Hahn -- The living man / Oscar Hahn -- The lost dominions / Jorge Teillier -- Leave-taking / Jorge Teillier -- The cafe / Miguel Arteche -- Rain / Miguel Arteche -- from Strong wind / Miguel Angel Asturias -- To the chicken guts / Nicanor Parra -- A man / Nicanor Parra -- Unpublished artifacts / Nicanor Parra -- Unusual occupations / Julio Cortazar -- The insides of horses / Carlos Castro Saavedra -- Cluster of children / Carlos Castro Saavedra -- The doll queen / Carlos Fuentes -- Chicha talking it up / Rafael Pineda -- 1926 / Rafael Pineda -- The commission / Rafael Pineda -- For Maricastana, with a spray of immortelle / Rafael Pineda -- Much ado / Joao Guimaraes Rosa -- Old ferret / Enrique Molina -- Renegade / Enrique Molina -- &quot;What trade can suit me?&quot; / Enrique Molina -- chapter four, part one, from The apple in the dark / Clarice Lispector -- With fixed bayonet / Marco Antonio Montes De Oca -- Assumption of the triple images / Marco Antonio Montes De Oca -- Nameless / Marco Antonio Montes De Oca -- The siren / Carlos Martinez Moreno -- from The fire waned / Jose Emilio Pacheco -- An investigation of the bat / Jose Emilio Pacheco.</subfield></datafield><datafield ind1=' ' ind2='0' tag='650'><subfield code='a'>Latin American literature</subfield><subfield code='v'>Translations into English.</subfield></datafield><datafield ind1=' ' ind2='0' tag='651'><subfield code='a'>Latin America</subfield><subfield code='v'>Literary collections.</subfield></datafield><datafield ind1=' ' ind2='7' tag='650'><subfield code='a'>Latin American literature.</subfield><subfield code='2'>fast</subfield><subfield code='0'>(OCoLC)fst00993031</subfield></datafield><datafield ind1=' ' ind2='7' tag='651'><subfield code='a'>Latin America.</subfield><subfield code='2'>fast</subfield><subfield code='0'>(OCoLC)fst01245945</subfield></datafield><datafield ind1=' ' ind2='7' tag='655'><subfield code='a'>Literary collections.</subfield><subfield code='2'>fast</subfield><subfield code='0'>(OCoLC)fst01423811</subfield></datafield><datafield ind1=' ' ind2='7' tag='655'><subfield code='a'>Translations.</subfield><subfield code='2'>fast</subfield><subfield code='0'>(OCoLC)fst01423791</subfield></datafield><datafield ind1='1' ind2=' ' tag='700'><subfield code='a'>Henkin, Bill,</subfield><subfield code='d'>1944-</subfield><subfield code='e'>compiler.</subfield></datafield><datafield ind1='0' ind2=' ' tag='730'><subfield code='a'>TriQuarterly Books.</subfield></datafield><datafield ind1='0' ind2='8' tag='776'><subfield code='i'>Online version:</subfield><subfield code='a'>Donoso, José, 1924-1996.</subfield><subfield code='t'>TriQuarterly anthology of contemporary Latin American literature.</subfield><subfield code='b'>[1st ed.].</subfield><subfield code='d'>New York : Dutton, [1969]</subfield><subfield code='w'>(OCoLC)568753952</subfield></datafield><datafield ind1=' ' ind2=' ' tag='902'><subfield code='a'>170322</subfield></datafield><datafield ind1=' ' ind2=' ' tag='907'><subfield code='a'>.b64140106</subfield><subfield code='b'>p    </subfield><subfield code='c'>-</subfield></datafield><datafield ind1=' ' ind2=' ' tag='945'><subfield code='l'>pstk </subfield><subfield code='g'>1</subfield></datafield><datafield ind1=' ' ind2=' ' tag='979'><subfield code='a'>ocm00050073</subfield></datafield><datafield ind1=' ' ind2=' ' tag='998'><subfield code='b'>0</subfield><subfield code='c'>170224</subfield><subfield code='d'>m</subfield><subfield code='e'>a</subfield><subfield code='f'>-</subfield><subfield code='g'>4</subfield></datafield><datafield ind1=' ' ind2=' ' tag='998'><subfield code='a'>02/24/17</subfield><subfield code='s'>RETRO</subfield><subfield code='c'>cep </subfield></datafield><datafield ind1=' ' ind2=' ' tag='ADM'><subfield code='b'>2017-08-25 21:50:10</subfield><subfield code='e'>b64140106-01tuli_inst</subfield><subfield code='d'>ILS</subfield><subfield code='a'>2017-06-20 06:06:26</subfield><subfield code='c'>false</subfield></datafield><datafield ind1='0' ind2=' ' tag='HLD'><subfield code='b'>MAIN</subfield><subfield code='c'>stacks</subfield><subfield code='h'>PQ7087.E5</subfield><subfield code='i'>D6</subfield><subfield code='8'>22241512590003811</subfield></datafield><datafield ind1=' ' ind2=' ' tag='ITM'><subfield code='r'>22241512590003811</subfield><subfield code='b'>1</subfield><subfield code='h'>0</subfield><subfield code='g'>stacks</subfield><subfield code='t'>BOOK</subfield><subfield code='9'>39074030819601</subfield><subfield code='e'>stacks</subfield><subfield code='8'>23241512580003811</subfield><subfield code='a'>0</subfield><subfield code='q'>2017-06-20 06:06:26</subfield><subfield code='i'>PQ7087.E5 D6</subfield><subfield code='d'>MAIN</subfield><subfield code='f'>MAIN</subfield></datafield></record>
</collection>
